<?xml version="1.0" encoding="UTF-8"?>
<!DOCTYPE html PUBLIC "-//W3C//DTD XHTML 1.0 Transitional//EN"
    "http://www.w3.org/TR/xhtml1/DTD/xhtml1-transitional.dtd">
<html xmlns="http://www.w3.org/1999/xhtml" xml:lang="en" lang="en">
 <head>
  <title>
</title>
<meta http-equiv="Content-Type" content="text/html;charset=utf-8" />
  <meta name='ocr-system' content='tesseract 3.04.00' />
  <meta name='ocr-capabilities' content='ocr_page ocr_carea ocr_par ocr_line ocrx_word'/>
</head>
<body>
  <div class='ocr_page' id='page_1' title='image "./commentariiacade03impe_0241.png"; bbox 0 0 2013 2719; ppageno 0'>
   <div class='ocr_carea' id='block_1_1' title="bbox 403 183 1501 244">
    <p class='ocr_par' dir='ltr' id='par_1_1' title="bbox 403 183 1501 244">
     <span class='ocr_line' id='line_1_1' title="bbox 403 183 1501 244; baseline -0.002 -11"><span class='ocrx_word' id='word_1_1' title='bbox 403 186 490 233; x_wconf 79' lang='lat' dir='ltr'>ET</span> <span class='ocrx_word' id='word_1_2' title='bbox 522 183 760 235; x_wconf 78' lang='lat' dir='ltr'><em>EORVM</em></span> <span class='ocrx_word' id='word_1_3' title='bbox 794 183 1285 234; x_wconf 78' lang='lat' dir='ltr'><strong><em>EMENDATIONE</em></strong></span> <span class='ocrx_word' id='word_1_4' title='bbox 1409 203 1501 244; x_wconf 82' lang='lat'>213</span> 
     </span>
    </p>
   </div>
   <div class='ocr_carea' id='block_1_2' title="bbox 218 295 1522 1705">
    <p class='ocr_par' dir='ltr' id='par_1_2' title="bbox 221 295 1503 600">
     <span class='ocr_line' id='line_1_2' title="bbox 231 295 1503 340; baseline -0.002 0"><span class='ocrx_word' id='word_1_5' title='bbox 231 299 452 340; x_wconf 81' lang='lat' dir='ltr'>destinaui.</span> <span class='ocrx_word' id='word_1_6' title='bbox 552 295 665 338; x_wconf 86' lang='lat' dir='ltr'>Illud</span> <span class='ocrx_word' id='word_1_7' title='bbox 694 305 845 336; x_wconf 79' lang='lat' dir='ltr'>tamen</span> <span class='ocrx_word' id='word_1_8' title='bbox 875 305 1033 337; x_wconf 82' lang='lat' dir='ltr'>notare</span> <span class='ocrx_word' id='word_1_9' title='bbox 1053 295 1168 337; x_wconf 86' lang='lat' dir='ltr'>iuuat</span> <span class='ocrx_word' id='word_1_10' title='bbox 1189 308 1196 333; x_wconf 94' lang='lat'>:</span> <span class='ocrx_word' id='word_1_11' title='bbox 1236 296 1287 338; x_wconf 91' lang='lat' dir='ltr'>In</span> <span class='ocrx_word' id='word_1_12' title='bbox 1309 295 1387 337; x_wconf 68' lang='lat' dir='ltr'>situ</span> <span class='ocrx_word' id='word_1_13' title='bbox 1410 309 1503 337; x_wconf 81' lang='lat' dir='ltr'>ma-</span> 
     </span>
     <span class='ocr_line' id='line_1_3' title="bbox 225 358 1501 416; baseline -0.003 -11"><span class='ocrx_word' id='word_1_14' title='bbox 225 364 383 405; x_wconf 78' lang='lat' dir='ltr'>chinae</span> <span class='ocrx_word' id='word_1_15' title='bbox 403 361 676 403; x_wconf 79' lang='lat' dir='ltr'>horizontali</span> <span class='ocrx_word' id='word_1_16' title='bbox 698 358 942 416; x_wconf 69' lang='lat' dir='ltr'>srz&#39;c&#39;lionum</span> <span class='ocrx_word' id='word_1_17' title='bbox 973 360 1055 401; x_wconf 84' lang='lat' dir='ltr'>effe</span> <span class='ocrx_word' id='word_1_18' title='bbox 1086 360 1264 415; x_wconf 81' lang='lat' dir='ltr'>aliquod</span> <span class='ocrx_word' id='word_1_19' title='bbox 1294 374 1501 403; x_wconf 88' lang='lat' dir='ltr'>momen-</span> 
     </span>
     <span class='ocr_line' id='line_1_4' title="bbox 221 425 1502 484; baseline -0.002 -14"><span class='ocrx_word' id='word_1_20' title='bbox 221 439 329 470; x_wconf 86' lang='lat' dir='ltr'>tum.</span> <span class='ocrx_word' id='word_1_21' title='bbox 400 429 686 484; x_wconf 76' lang='lat' dir='ltr'>Quapropter</span> <span class='ocrx_word' id='word_1_22' title='bbox 712 453 723 476; x_wconf 86' lang='lat'><em>‚</em></span> <span class='ocrx_word' id='word_1_23' title='bbox 765 437 817 465; x_wconf 87' lang='lat' dir='ltr'>ne</span> <span class='ocrx_word' id='word_1_24' title='bbox 846 438 894 464; x_wconf 74' lang='lat' dir='ltr'>ea</span> <span class='ocrx_word' id='word_1_25' title='bbox 913 438 980 465; x_wconf 83' lang='lat' dir='ltr'>res</span> <span class='ocrx_word' id='word_1_26' title='bbox 1001 426 1136 465; x_wconf 72' lang='lat' dir='ltr'>etiam</span> <span class='ocrx_word' id='word_1_27' title='bbox 1159 425 1502 468; x_wconf 80' lang='lat' dir='ltr'>thermometri-</span> 
     </span>
     <span class='ocr_line' id='line_1_5' title="bbox 222 489 1502 546; baseline -0.001 -13"><span class='ocrx_word' id='word_1_28' title='bbox 222 507 276 534; x_wconf 90' lang='lat' dir='ltr'>co</span> <span class='ocrx_word' id='word_1_29' title='bbox 305 493 381 532; x_wconf 87' lang='lat' dir='ltr'>fini</span> <span class='ocrx_word' id='word_1_30' title='bbox 410 491 590 542; x_wconf 75' lang='lat' dir='ltr'>officiat,</span> <span class='ocrx_word' id='word_1_31' title='bbox 609 489 772 544; x_wconf 82' lang='lat' dir='ltr'>duplex</span> <span class='ocrx_word' id='word_1_32' title='bbox 799 489 861 530; x_wconf 84' lang='lat' dir='ltr'>illi</span> <span class='ocrx_word' id='word_1_33' title='bbox 893 490 1142 530; x_wconf 86' lang='lat' dir='ltr'>remedium</span> <span class='ocrx_word' id='word_1_34' title='bbox 1172 490 1316 544; x_wconf 79' lang='lat' dir='ltr'>placet</span> <span class='ocrx_word' id='word_1_35' title='bbox 1353 503 1502 546; x_wconf 91' lang='lat' dir='ltr'>oppo-</span> 
     </span>
     <span class='ocr_line' id='line_1_6' title="bbox 222 569 343 600; baseline -0.033 0"><span class='ocrx_word' id='word_1_36' title='bbox 222 569 343 600; x_wconf 86' lang='lat' dir='ltr'>nere.</span> 
     </span>
    </p>

    <p class='ocr_par' dir='ltr' id='par_1_3' title="bbox 223 618 1504 936">
     <span class='ocr_line' id='line_1_7' title="bbox 343 618 1504 673; baseline -0.001 -11"><span class='ocrx_word' id='word_1_37' title='bbox 343 626 422 673; x_wconf 82' lang='lat'>63.</span> <span class='ocrx_word' id='word_1_38' title='bbox 492 619 537 663; x_wconf 91' lang='lat' dir='ltr'>Si</span> <span class='ocrx_word' id='word_1_39' title='bbox 555 618 759 671; x_wconf 78' lang='lat' dir='ltr'>haereas,</span> <span class='ocrx_word' id='word_1_40' title='bbox 802 631 855 659; x_wconf 83' lang='lat' dir='ltr'>an</span> <span class='ocrx_word' id='word_1_41' title='bbox 877 618 1029 660; x_wconf 81' lang='lat' dir='ltr'>debito</span> <span class='ocrx_word' id='word_1_42' title='bbox 1044 618 1245 660; x_wconf 79' lang='lat' dir='ltr'>consistat</span> <span class='ocrx_word' id='word_1_43' title='bbox 1265 618 1504 661; x_wconf 84' lang='lat' dir='ltr'>locomer-</span> 
     </span>
     <span class='ocr_line' id='line_1_8' title="bbox 224 683 1503 738; baseline -0.002 -10"><span class='ocrx_word' id='word_1_44' title='bbox 224 688 362 728; x_wconf 81' lang='lat' dir='ltr'>curius</span> <span class='ocrx_word' id='word_1_45' title='bbox 382 687 425 726; x_wconf 89' lang='lat' dir='ltr'>in</span> <span class='ocrx_word' id='word_1_46' title='bbox 445 686 549 726; x_wconf 89' lang='lat' dir='ltr'>tubo</span> <span class='ocrx_word' id='word_1_47' title='bbox 572 683 915 726; x_wconf 78' lang='lat' dir='ltr'>horizontaliter</span> <span class='ocrx_word' id='word_1_48' title='bbox 937 684 1085 738; x_wconf 80' lang='lat' dir='ltr'>posito</span> <span class='ocrx_word' id='word_1_49' title='bbox 1108 701 1115 726; x_wconf 74' lang='grc' dir='ltr'><strong>ι</strong></span> <span class='ocrx_word' id='word_1_50' title='bbox 1154 685 1356 726; x_wconf 84' lang='lat' dir='ltr'>attendes</span> <span class='ocrx_word' id='word_1_51' title='bbox 1377 685 1503 726; x_wconf 89' lang='lat' dir='ltr'>incli-</span> 
     </span>
     <span class='ocr_line' id='line_1_9' title="bbox 223 749 1503 803; baseline -0.001 -11"><span class='ocrx_word' id='word_1_52' title='bbox 223 751 369 792; x_wconf 78' lang='lat' dir='ltr'>nando</span> <span class='ocrx_word' id='word_1_53' title='bbox 392 750 541 790; x_wconf 85' lang='lat' dir='ltr'>tubum</span> <span class='ocrx_word' id='word_1_54' title='bbox 562 760 607 791; x_wconf 91' lang='lat' dir='ltr'>et</span> <span class='ocrx_word' id='word_1_55' title='bbox 629 749 885 790; x_wconf 82' lang='lat' dir='ltr'>reclinando</span> <span class='ocrx_word' id='word_1_56' title='bbox 912 777 923 800; x_wconf 86' lang='lat'>‚</span> <span class='ocrx_word' id='word_1_57' title='bbox 962 750 1006 788; x_wconf 85' lang='lat' dir='ltr'>in</span> <span class='ocrx_word' id='word_1_58' title='bbox 1032 762 1161 802; x_wconf 78' lang='lat' dir='ltr'>quam</span> <span class='ocrx_word' id='word_1_59' title='bbox 1188 761 1363 803; x_wconf 70' lang='lat' dir='ltr'>partem</span> <span class='ocrx_word' id='word_1_60' title='bbox 1384 763 1503 792; x_wconf 88' lang='lat' dir='ltr'>mer-</span> 
     </span>
     <span class='ocr_line' id='line_1_10' title="bbox 226 813 1502 870; baseline 0 -13"><span class='ocrx_word' id='word_1_61' title='bbox 226 818 363 857; x_wconf 83' lang='lat' dir='ltr'>curius</span> <span class='ocrx_word' id='word_1_62' title='bbox 389 815 550 854; x_wconf 86' lang='lat' dir='ltr'>iterum</span> <span class='ocrx_word' id='word_1_63' title='bbox 579 814 926 856; x_wconf 80' lang='lat' dir='ltr'>horizontaliter</span> <span class='ocrx_word' id='word_1_64' title='bbox 956 813 1173 867; x_wconf 77' lang='lat' dir='ltr'>repositus</span> <span class='ocrx_word' id='word_1_65' title='bbox 1192 822 1376 855; x_wconf 79' lang='lat' dir='ltr'>conatum</span> <span class='ocrx_word' id='word_1_66' title='bbox 1394 829 1502 870; x_wconf 88' lang='lat' dir='ltr'>pro-</span> 
     </span>
     <span class='ocr_line' id='line_1_11' title="bbox 224 877 1318 936; baseline -0.003 -14"><span class='ocrx_word' id='word_1_67' title='bbox 224 878 453 936; x_wconf 83' lang='lat' dir='ltr'>grediendi</span> <span class='ocrx_word' id='word_1_68' title='bbox 473 888 692 917; x_wconf 81' lang='lat' dir='ltr'>exerceat.</span> <span class='ocrx_word' id='word_1_69' title='bbox 767 877 811 919; x_wconf 91' lang='lat' dir='ltr'>Si</span> <span class='ocrx_word' id='word_1_70' title='bbox 830 878 874 917; x_wconf 87' lang='lat' dir='ltr'>in</span> <span class='ocrx_word' id='word_1_71' title='bbox 896 877 1080 929; x_wconf 78' lang='lat' dir='ltr'>nullam,</span> <span class='ocrx_word' id='word_1_72' title='bbox 1114 878 1225 918; x_wconf 83' lang='lat' dir='ltr'>bene</span> <span class='ocrx_word' id='word_1_73' title='bbox 1246 880 1318 921; x_wconf 89' lang='lat' dir='ltr'>est.</span> 
     </span>
    </p>

    <p class='ocr_par' dir='ltr' id='par_1_4' title="bbox 218 941 1522 1382">
     <span class='ocr_line' id='line_1_12' title="bbox 344 941 1503 996; baseline -0.001 -11"><span class='ocrx_word' id='word_1_74' title='bbox 344 949 419 996; x_wconf 87' lang='lat'>64.</span> <span class='ocrx_word' id='word_1_75' title='bbox 493 942 706 984; x_wconf 86' lang='lat' dir='ltr'>Similiter</span> <span class='ocrx_word' id='word_1_76' title='bbox 729 942 958 992; x_wconf 80' lang='lat' dir='ltr'>attendes,</span> <span class='ocrx_word' id='word_1_77' title='bbox 996 941 1025 981; x_wconf 86' lang='lat' dir='ltr'><strong>fi</strong></span> <span class='ocrx_word' id='word_1_78' title='bbox 1046 941 1213 995; x_wconf 82' lang='lat' dir='ltr'>placet,</span> <span class='ocrx_word' id='word_1_79' title='bbox 1252 956 1305 983; x_wconf 82' lang='lat' dir='ltr'>an</span> <span class='ocrx_word' id='word_1_80' title='bbox 1327 944 1371 983; x_wconf 87' lang='lat' dir='ltr'>in</span> <span class='ocrx_word' id='word_1_81' title='bbox 1393 943 1503 984; x_wconf 85' lang='lat' dir='ltr'>alte-</span> 
     </span>
     <span class='ocr_line' id='line_1_13' title="bbox 223 1004 1502 1061; baseline -0.001 -11"><span class='ocrx_word' id='word_1_82' title='bbox 223 1022 276 1050; x_wconf 89' lang='lat' dir='ltr'>ro</span> <span class='ocrx_word' id='word_1_83' title='bbox 298 1019 503 1049; x_wconf 83' lang='lat' dir='ltr'>extremo</span> <span class='ocrx_word' id='word_1_84' title='bbox 534 1008 800 1047; x_wconf 81' lang='lat' dir='ltr'>terminetur</span> <span class='ocrx_word' id='word_1_85' title='bbox 829 1018 1011 1047; x_wconf 78' lang='lat' dir='ltr'>connexa</span> <span class='ocrx_word' id='word_1_86' title='bbox 1024 1004 1268 1061; x_wconf 70' lang='lat' dir='ltr'>fitpetficie7</span> <span class='ocrx_word' id='word_1_87' title='bbox 1310 1018 1354 1049; x_wconf 90' lang='lat' dir='ltr'>et</span> <span class='ocrx_word' id='word_1_88' title='bbox 1375 1008 1420 1047; x_wconf 89' lang='lat' dir='ltr'>in</span> <span class='ocrx_word' id='word_1_89' title='bbox 1441 1009 1502 1049; x_wconf 81' lang='lat' dir='ltr'>al-</span> 
     </span>
     <span class='ocr_line' id='line_1_14' title="bbox 222 1071 1500 1127; baseline -0.001 -14"><span class='ocrx_word' id='word_1_90' title='bbox 222 1084 323 1113; x_wconf 84' lang='lat' dir='ltr'>tero</span> <span class='ocrx_word' id='word_1_91' title='bbox 338 1084 452 1112; x_wconf 76' lang='lat' dir='ltr'>caua.</span> <span class='ocrx_word' id='word_1_92' title='bbox 521 1072 637 1112; x_wconf 90' lang='lat' dir='ltr'>Tum</span> <span class='ocrx_word' id='word_1_93' title='bbox 657 1084 770 1113; x_wconf 83' lang='lat' dir='ltr'>veto</span> <span class='ocrx_word' id='word_1_94' title='bbox 793 1071 1083 1125; x_wconf 83' lang='lat' dir='ltr'>promouebis</span> <span class='ocrx_word' id='word_1_95' title='bbox 1114 1072 1157 1111; x_wconf 88' lang='lat' dir='ltr'>in</span> <span class='ocrx_word' id='word_1_96' title='bbox 1180 1085 1278 1113; x_wconf 80' lang='lat' dir='ltr'>eam</span> <span class='ocrx_word' id='word_1_97' title='bbox 1307 1082 1500 1127; x_wconf 79' lang='lat' dir='ltr'>partem,</span> 
     </span>
     <span class='ocr_line' id='line_1_15' title="bbox 219 1136 1504 1190; baseline 0.002 -14"><span class='ocrx_word' id='word_1_98' title='bbox 219 1149 346 1190; x_wconf 84' lang='lat' dir='ltr'>quam</span> <span class='ocrx_word' id='word_1_99' title='bbox 369 1149 570 1178; x_wconf 75' lang='lat' dir='ltr'>connexa</span> <span class='ocrx_word' id='word_1_100' title='bbox 590 1136 767 1190; x_wconf 87' lang='lat' dir='ltr'>respicit</span> <span class='ocrx_word' id='word_1_101' title='bbox 789 1138 1051 1178; x_wconf 77' lang='lat' dir='ltr'>extremitas</span> <span class='ocrx_word' id='word_1_102' title='bbox 1074 1138 1241 1179; x_wconf 80' lang='lat' dir='ltr'>tamdiu</span> <span class='ocrx_word' id='word_1_103' title='bbox 1288 1165 1300 1189; x_wconf 82' lang='lat'><em>‚</em></span> <span class='ocrx_word' id='word_1_104' title='bbox 1358 1137 1504 1178; x_wconf 84' lang='lat' dir='ltr'>donec</span> 
     </span>
     <span class='ocr_line' id='line_1_16' title="bbox 218 1201 1522 1260; baseline 0.002 -20"><span class='ocrx_word' id='word_1_105' title='bbox 218 1201 447 1254; x_wconf 87' lang='lat' dir='ltr'>superficie</span> <span class='ocrx_word' id='word_1_106' title='bbox 468 1203 735 1242; x_wconf 88' lang='lat' dir='ltr'>terminetur</span> <span class='ocrx_word' id='word_1_107' title='bbox 752 1202 803 1242; x_wconf 80' lang='lat' dir='ltr'>ad</span> <span class='ocrx_word' id='word_1_108' title='bbox 821 1202 989 1242; x_wconf 88' lang='lat' dir='ltr'>sensum</span> <span class='ocrx_word' id='word_1_109' title='bbox 1010 1201 1150 1255; x_wconf 77' lang='lat' dir='ltr'>plana.</span> <span class='ocrx_word' id='word_1_110' title='bbox 1206 1202 1334 1244; x_wconf 78' lang='lat' dir='ltr'>Plana</span> <span class='ocrx_word' id='word_1_111' title='bbox 1356 1212 1522 1260; x_wconf 27' lang='lat' dir='ltr'>autem-</span> 
     </span>
     <span class='ocr_line' id='line_1_17' title="bbox 220 1264 1503 1320; baseline 0.005 -17"><span class='ocrx_word' id='word_1_112' title='bbox 220 1266 304 1304; x_wconf 85' lang='lat' dir='ltr'>erit</span> <span class='ocrx_word' id='word_1_113' title='bbox 326 1265 369 1304; x_wconf 84' lang='lat' dir='ltr'>in</span> <span class='ocrx_word' id='word_1_114' title='bbox 389 1264 588 1306; x_wconf 90' lang='lat' dir='ltr'>confinio</span> <span class='ocrx_word' id='word_1_115' title='bbox 610 1278 767 1307; x_wconf 89' lang='lat' dir='ltr'>eorum</span> <span class='ocrx_word' id='word_1_116' title='bbox 785 1265 940 1306; x_wconf 84' lang='lat' dir='ltr'>situum</span> <span class='ocrx_word' id='word_1_117' title='bbox 972 1294 982 1316; x_wconf 83' lang='lat'>‚</span> <span class='ocrx_word' id='word_1_118' title='bbox 1043 1280 1231 1320; x_wconf 90' lang='lat' dir='ltr'>quorum</span> <span class='ocrx_word' id='word_1_119' title='bbox 1259 1267 1371 1309; x_wconf 81' lang='lat' dir='ltr'>alter</span> <span class='ocrx_word' id='word_1_120' title='bbox 1394 1280 1503 1308; x_wconf 84' lang='lat' dir='ltr'>con-</span> 
     </span>
     <span class='ocr_line' id='line_1_18' title="bbox 219 1329 1027 1382; baseline -0.001 -13"><span class='ocrx_word' id='word_1_121' title='bbox 219 1341 380 1369; x_wconf 79' lang='lat' dir='ltr'>vexam</span> <span class='ocrx_word' id='word_1_122' title='bbox 400 1329 606 1382; x_wconf 80' lang='lat' dir='ltr'>praestat,</span> <span class='ocrx_word' id='word_1_123' title='bbox 645 1329 755 1369; x_wconf 82' lang='lat' dir='ltr'>alter</span> <span class='ocrx_word' id='word_1_124' title='bbox 773 1341 1027 1368; x_wconf 80' lang='lat' dir='ltr'>concauam.</span> 
     </span>
    </p>

    <p class='ocr_par' dir='ltr' id='par_1_5' title="bbox 218 1392 1503 1705">
     <span class='ocr_line' id='line_1_19' title="bbox 343 1392 1499 1448; baseline 0.005 -17"><span class='ocrx_word' id='word_1_125' title='bbox 343 1397 419 1443; x_wconf 80' lang='lat'>65.</span> <span class='ocrx_word' id='word_1_126' title='bbox 493 1392 705 1435; x_wconf 82' lang='lat' dir='ltr'>Ceterum</span> <span class='ocrx_word' id='word_1_127' title='bbox 729 1392 771 1433; x_wconf 86' lang='lat' dir='ltr'>id</span> <span class='ocrx_word' id='word_1_128' title='bbox 790 1405 861 1433; x_wconf 91' lang='lat' dir='ltr'>me</span> <span class='ocrx_word' id='word_1_129' title='bbox 877 1405 967 1432; x_wconf 90' lang='lat' dir='ltr'>non</span> <span class='ocrx_word' id='word_1_130' title='bbox 979 1403 1195 1433; x_wconf 89' lang='lat' dir='ltr'>monente</span> <span class='ocrx_word' id='word_1_131' title='bbox 1216 1393 1499 1448; x_wconf 84' lang='lat' dir='ltr'>intelligitur,</span> 
     </span>
     <span class='ocr_line' id='line_1_20' title="bbox 219 1456 1501 1505; baseline 0.002 -7"><span class='ocrx_word' id='word_1_132' title='bbox 219 1456 440 1498; x_wconf 78' lang='lat' dir='ltr'>necessum</span> <span class='ocrx_word' id='word_1_133' title='bbox 454 1456 607 1505; x_wconf 84' lang='lat' dir='ltr'>effe‚vt</span> <span class='ocrx_word' id='word_1_134' title='bbox 632 1458 804 1497; x_wconf 76' lang='lat' dir='ltr'>easdem</span> <span class='ocrx_word' id='word_1_135' title='bbox 826 1457 1082 1497; x_wconf 81' lang='lat' dir='ltr'>obseruator</span> <span class='ocrx_word' id='word_1_136' title='bbox 1100 1458 1279 1499; x_wconf 75' lang='lat' dir='ltr'>cautelas</span> <span class='ocrx_word' id='word_1_137' title='bbox 1298 1459 1501 1501; x_wconf 82' lang='lat' dir='ltr'>adhibeat</span> 
     </span>
     <span class='ocr_line' id='line_1_21' title="bbox 219 1519 1500 1574; baseline 0.003 -14"><span class='ocrx_word' id='word_1_138' title='bbox 219 1521 333 1561; x_wconf 77' lang='lat' dir='ltr'>circa</span> <span class='ocrx_word' id='word_1_139' title='bbox 352 1520 460 1560; x_wconf 79' lang='lat' dir='ltr'>hanc</span> <span class='ocrx_word' id='word_1_140' title='bbox 482 1519 731 1560; x_wconf 73' lang='lat' dir='ltr'>machinam</span> <span class='ocrx_word' id='word_1_141' title='bbox 761 1546 772 1569; x_wconf 70' lang='lat'><strong><em>7</em></strong></span> <span class='ocrx_word' id='word_1_142' title='bbox 811 1533 911 1574; x_wconf 80' lang='lat' dir='ltr'>quas</span> <span class='ocrx_word' id='word_1_143' title='bbox 936 1520 1233 1563; x_wconf 81' lang='lat' dir='ltr'>Drebbeliana</span> <span class='ocrx_word' id='word_1_144' title='bbox 1253 1533 1296 1563; x_wconf 86' lang='lat' dir='ltr'>et</span> <span class='ocrx_word' id='word_1_145' title='bbox 1316 1523 1500 1564; x_wconf 86' lang='lat' dir='ltr'>Floren-</span> 
     </span>
     <span class='ocr_line' id='line_1_22' title="bbox 218 1583 1501 1642; baseline 0.004 -18"><span class='ocrx_word' id='word_1_146' title='bbox 218 1585 311 1625; x_wconf 80' lang='lat' dir='ltr'>tina</span> <span class='ocrx_word' id='word_1_147' title='bbox 339 1583 923 1638; x_wconf 78' lang='lat' dir='ltr'>postulantThermoscopia</span> <span class='ocrx_word' id='word_1_148' title='bbox 952 1597 959 1622; x_wconf 90' lang='lat'>:</span> <span class='ocrx_word' id='word_1_149' title='bbox 999 1586 1061 1626; x_wconf 91' lang='lat' dir='ltr'>Vt</span> <span class='ocrx_word' id='word_1_150' title='bbox 1088 1585 1160 1626; x_wconf 82' lang='lat' dir='ltr'>vel</span> <span class='ocrx_word' id='word_1_151' title='bbox 1187 1588 1354 1628; x_wconf 86' lang='lat' dir='ltr'>muniat</span> <span class='ocrx_word' id='word_1_152' title='bbox 1375 1588 1501 1642; x_wconf 76' lang='lat' dir='ltr'>phia-</span> 
     </span>
     <span class='ocr_line' id='line_1_23' title="bbox 219 1648 1503 1705; baseline 0.004 -17"><span class='ocrx_word' id='word_1_153' title='bbox 219 1648 309 1689; x_wconf 79' lang='lat' dir='ltr'>lam</span> <span class='ocrx_word' id='word_1_154' title='bbox 329 1661 427 1688; x_wconf 89' lang='lat' dir='ltr'>cum</span> <span class='ocrx_word' id='word_1_155' title='bbox 444 1649 550 1690; x_wconf 91' lang='lat' dir='ltr'>tubo</span> <span class='ocrx_word' id='word_1_156' title='bbox 571 1648 644 1690; x_wconf 90' lang='lat' dir='ltr'>suo</span> <span class='ocrx_word' id='word_1_157' title='bbox 667 1660 826 1691; x_wconf 86' lang='lat' dir='ltr'>contra</span> <span class='ocrx_word' id='word_1_158' title='bbox 848 1649 1034 1691; x_wconf 75' lang='lat' dir='ltr'>halitum</span> <span class='ocrx_word' id='word_1_159' title='bbox 1065 1660 1108 1691; x_wconf 90' lang='lat' dir='ltr'>et</span> <span class='ocrx_word' id='word_1_160' title='bbox 1139 1654 1349 1694; x_wconf 61' lang='lat' dir='ltr'>attaitum</span> <span class='ocrx_word' id='word_1_161' title='bbox 1379 1681 1390 1705; x_wconf 85' lang='lat'>‚</span> <span class='ocrx_word' id='word_1_162' title='bbox 1428 1652 1503 1695; x_wconf 82' lang='lat' dir='ltr'>vel</span> 
     </span>
    </p>
   </div>
   <div class='ocr_carea' id='block_1_3' title="bbox 218 1713 1500 1820">
    <p class='ocr_par' dir='ltr' id='par_1_6' title="bbox 218 1713 1500 1820">
     <span class='ocr_line' id='line_1_24' title="bbox 218 1713 1500 1776; baseline 0.005 -22"><span class='ocrx_word' id='word_1_163' title='bbox 218 1715 268 1754; x_wconf 77' lang='lat' dir='ltr'>ab</span> <span class='ocrx_word' id='word_1_164' title='bbox 288 1713 539 1757; x_wconf 87' lang='lat' dir='ltr'>emittendo</span> <span class='ocrx_word' id='word_1_165' title='bbox 575 1715 736 1757; x_wconf 82' lang='lat' dir='ltr'>versus</span> <span class='ocrx_word' id='word_1_166' title='bbox 758 1715 1008 1758; x_wconf 77' lang='lat' dir='ltr'>machinam</span> <span class='ocrx_word' id='word_1_167' title='bbox 1025 1716 1176 1772; x_wconf 83' lang='lat' dir='ltr'>spiritu</span> <span class='ocrx_word' id='word_1_168' title='bbox 1196 1717 1409 1776; x_wconf 79' lang='lat' dir='ltr'>tantisper</span> <span class='ocrx_word' id='word_1_169' title='bbox 1427 1717 1500 1760; x_wconf 85' lang='lat' dir='ltr'>ab-</span> 
     </span>
     <span class='ocr_line' id='line_1_25' title="bbox 221 1779 389 1820; baseline -0.006 0"><span class='ocrx_word' id='word_1_170' title='bbox 221 1779 389 1820; x_wconf 72' lang='lat' dir='ltr'>stine-at.</span> 
     </span>
    </p>
   </div>
   <div class='ocr_carea' id='block_1_4' title="bbox 1374 2229 1497 2278">
    <p class='ocr_par' dir='ltr' id='par_1_7' title="bbox 1374 2229 1497 2278">
     <span class='ocr_line' id='line_1_26' title="bbox 1374 2229 1497 2278; baseline -0.033 -1"><span class='ocrx_word' id='word_1_171' title='bbox 1374 2229 1497 2278; x_wconf 61' lang='lat' dir='ltr'>Dis-</span> 
     </span>
    </p>
   </div>
  </div>
 </body>
</html>
