2013 2719
574 201 670 250 256
1024 191 1111 239 DE
1146 192 1373 244 RADHS

570 303 625 345 tis
662 318 671 344 ε
709 325 726 332 -
748 323 766 330 -
787 323 804 331 -
841 328 867 353 „
906 299 978 342 De
1005 302 1177 344 Tabulis
1205 303 1317 346 hisce
1344 304 1628 362 <od-indicis)
1659 308 1835 364 adhuc„

570 367 877 416 notandtun,in
890 364 1113 419 superficie
1125 367 1295 410 illarum
1308 370 1451 423 polita
1466 385 1554 412 non
1576 386 1675 415 raro
1688 389 1833 428 con-,7

568 430 673 483 spici
694 442 857 471 cornua
880 431 990 483 quasi
1009 431 1301 486 longiuscula,
1345 447 1399 475 ex
1420 436 1594 477 maculis
1620 439 1831 491 semiim„

571 493 739 533 naribus
757 494 1147 550 compofita7quae
1166 511 1390 539 marmore
1409 501 1545 541 crudo
1568 500 1689 542 facile
1718 517 1832 554 ex—„

568 559 790 599 cutiuntur
810 570 853 600 et
874 560 1042 600 excuss'a
1065 563 1216 602 teretis
1234 563 1326 604 sunt
1346 562 1676 616 figurae,crustis
1697 567 1835 619 dua-,7

565 621 640 663 bus
658 623 1068 677 indurata,quorum
1088 626 1278 667 interior
1297 628 1461 670 coloris
1493 629 1549 669 est
1571 631 1758 681 cinerei,
1799 659 1831 683 „

569 688 770 728 exterior
791 690 1014 742 purpurei.
1081 690 1246 731 Intima
1284 705 1380 745 pars
1407 694 1518 733 circa
1536 706 1668 734 vnum
1688 696 1832 747 latus„

564 750 758 804 lapidem
780 753 909 793 alium
928 753 1157 804 continet,
1180 755 1223 794 in
1244 758 1383 796 varias
1408 757 1598 799 valuulas
1619 759 1761 798 distin-
1801 787 1832 810 „

566 817 706 867 ctum,
745 817 860 858 cuius
881 819 1186 859 extremitates
1205 820 1348 860 Lunae
1372 821 1579 862 exhibent
1599 821 1770 874 faciem,
1801 851 1833 874 „

567 880 723 922 colore
743 882 921 922 cinereo
943 897 956 933 ·,
993 883 1141 922 intimi
1168 884 1379 924 veroloci
1399 885 1610 926 refiduum
1638 888 1775 927 minu-
1801 914 1834 939 „

567 945 622 985 tis
645 945 756 998 quasi
777 945 1058 996 chrystallulis
1081 948 1222 987 existit
1245 951 1478 1003 repletum.
1520 977 1550 1000 „

367 1028 448 1055 ‘rau
471 1026 542 1055 xit.
688 1020 761 1058 17.
834 1008 1028 1049 Secunda
1062 1010 1287 1051 radiorum
1326 1014 1658 1054 articulatorum
1694 1016 1837 1057 redo-

368 1068 438 1104 Fig.
455 1067 502 1097 16.
566 1085 661 1113 rum
683 1071 859 1113 alueolo
880 1073 1170 1120 conniuentc,
1210 1074 1370 1124 species
1395 1077 1470 1113 est:
1492 1076 1651 1114 Radinr
1671 1081 1832 1118 articu-

368 1112 470 1145 17'18’
566 1135 674 1176 latus
696 1133 853 1185 renus,
893 1134 1045 1175 alveolo
1063 1139 1303 1186 connluenle,
1313 1136 1505 1189 striatas.
1576 1133 1735 1189 Constat
1756 1145 1837 1190 pa-

568 1200 699 1249 tellis,
741 1199 949 1252 parallele
970 1199 1042 1239 fibi
1063 1199 1250 1239 inuicem
1272 1198 1617 1238 incumbentibus
1632 1226 1643 1248 ,
1676 1201 1833 1240 arctio-

566 1264 605 1303 ri
628 1275 739 1302 nexu
758 1263 888 1301 vnitis
909 1289 920 1312 ,
961 1263 1167 1301 conuexis
1188 1263 1228 1299 in
1253 1263 1387 1301 altera
1408 1260 1631 1312 superficie
1654 1285 1664 1308 ,
1706 1262 1748 1300 in
1776 1263 1836 1301 al-

568 1335 663 1366 tera
683 1325 884 1364 conc-auis
907 1351 917 1374 ,
941 1336 1117 1377 quarum
1139 1324 1376 1372 diameter,
1400 1323 1469 1362 vbi
1493 1323 1634 1374 plures
1655 1323 1838 1374 iunctae,

566 1388 716 1430 sensim
753 1399 794 1428 at
823 1388 897 1428 vix
925 1386 1176 1428 sensibiliter
1213 1387 1462 1427 decrescere
1487 1387 1674 1426 videtur.
1726 1387 1836 1439 (Fig.

573 1467 591 1494 1
609 1456 669 1503 8.)
734 1449 944 1492 Continent
980 1451 1060 1492 hae
1100 1450 1287 1503 patellae
1324 1449 1517 1490 alneolmn
1548 1478 1559 1501 ,
1599 1451 1670 1503 qui
1704 1477 1716 1502 ,
1774 1452 1840 1492 vti

568 1517 612 1557 in
638 1517 778 1570 priori
797 1516 938 1568 specie
959 1542 970 1564 ,
1011 1513 1270 1566 cylindricus
1288 1514 1519 1566 laterisque
1554 1515 1677 1554 vnius
1698 1515 1837 1553 corti-

569 1582 609 1621 ci
637 1581 828 1634 propior
847 1579 904 1618 est
933 1588 976 1618 et
1004 1579 1119 1619 intra
1150 1575 1332 1629 patellas
1358 1577 1582 1616 conniuet.
1686 1578 1840 1630 Figura

567 1644 829 1699 patellarum
851 1641 1043 1693 elliptica
1064 1642 1392 1693 propemodum
1415 1641 1503 1690 est,
1544 1640 1620 1680 hac
1640 1643 1831 1694 ratione,

567 1719 616 1749 vt
637 1710 680 1748 in
702 1707 987 1747 extremitate
1008 1705 1192 1745 minoris
1214 1704 1420 1744 diametri
1438 1703 1630 1744 alueolus
1657 1704 1754 1745 situs
1765 1705 1831 1758 sit,

570 1773 683 1812 cuius
704 1771 918 1811 diameter
938 1768 1081 1809 habita
1100 1769 1400 1821 proportione
1414 1768 1465 1808 ad
1483 1768 1746 1810 diametrum
1757 1782 1835 1822 pa-

568 1836 771 1876 tell-arum
793 1862 807 1885 ,
846 1833 990 1888 quibus
1008 1833 1218 1885 cingitur,
1260 1831 1423 1872 estsere
1446 1860 1457 1883 ,
1498 1842 1544 1873 vt
1569 1843 1656 1882 227.
1679 1834 1833 1874 cumin

569 1901 712 1955 priori
729 1899 869 1952 specie
893 1897 941 1940 sit
957 1925 969 1948 ,
992 1908 1039 1938 vt
1062 1909 1151 1949 327.
1217 1896 1474 1938 Patellarum
1496 1896 1739 1949 superficies
1767 1906 1835 1936 te-

570 1964 644 2004 nui
662 1964 851 2018 quodam
872 1962 1063 2012 cortice,
1103 1974 1230 2016 quem
1248 1961 1369 2002 striae
1398 1962 1625 2002 circulares
1644 1961 1834 2015 Vndique

568 2029 750 2081 cingunt
782 2055 793 2077 ,
833 2028 947 2068 teet-a
969 2027 1039 2067 est.

694 2106 712 2131 1
728 2095 768 2130 8.
834 2091 874 2131 Is
894 2101 1053 2131 cortex
1074 2088 1269 2130 omnibus
1291 2089 1379 2129 fere
1397 2089 1517 2129 huius
1545 2089 1702 2142 speciei
1721 2087 1830 2142 lapi-

570 2155 689 2199 dibus
708 2157 822 2198 arcte
841 2154 1073 2208 adhaeret,
1111 2165 1155 2197 et
1175 2154 1354 2198 cinereo
1374 2154 1527 2197 colore
1545 2154 1719 2210 gaudet,
1734 2165 1833 2194 cum

1726 2215 1830 2259 reli-
