2013 2719
290 198 592 278 nignitatis
629 191 839 254 fiducia
884 191 1082 255 effecit
1115 219 1132 275 3
1188 197 1421 275 quando
1461 202 1583 279 qui—

292 281 433 341 dem
474 284 630 342 Petri
650 281 697 340 Ι.
720 282 1077 362 Imperatoris
1122 286 1313 345 Pati-ui
1346 287 1430 343 tui
1454 285 1585 344 acta

291 364 630 436 confirmas,
678 369 916 442 eiusque
969 367 1325 427 immortalia
1348 371 1406 428 in
1439 371 1581 430 Rus-

293 448 430 512 fiam
476 453 688 508 merita
732 449 896 506 nouis
961 449 1257 513 beneficiis
1315 453 1581 535 quotidie

293 555 468 616 auges
492 547 669 612 atque
696 532 959 601 illustras,
1000 532 1153 594 hanc
1180 557 1323 597 vero
1347 586 1363 610 ,
1403 559 1581 618 quam

293 623 434 680 illius
476 619 748 701 sapientia
795 614 1066 676 fundauit
1092 667 1108 691 ,
1156 622 1578 697 Academiam,

285 704 545 786 fingulari
585 705 908 762 clementia
945 698 1020 761 fic
1060 707 1473 788 comple-{teris
1512 723 1579 771 vt

286 801 440 849 artes
460 791 739 868 ingenuas
753 833 770 858 ,
796 806 949 845 nunc
967 791 1305 866 praesertim
1317 840 1334 864 ,
1348 795 1579 874 quando

286 873 390 934 flos
414 873 728 932 nobilitatis
764 882 829 932 et
865 874 1188 932 iuuentutis
1210 883 1374 938 omni
1399 900 1577 960 gene-

294 956 674 1018 redo&rinae
711 968 775 1016 et
819 958 1090 1016 exercitii
1124 962 1385 1021 militaris
1413 985 1576 1044 prae-

285 1044 436 1102 clare
462 1041 752 1102 institutus
779 1043 837 1100 in
880 1043 1039 1124 spem
1071 1048 1292 1122 patriae
1324 1049 1576 1109 tuendae

285 1127 699 1207 ornandaeque
724 1126 1029 1196 adolescit,
1068 1148 1352 1209 nusquam
1390 1136 1575 1193 cultas

286 1212 551 1285 felicius,
606 1232 888 1293 nusquam
948 1211 1235 1274 liberalius
1299 1231 1574 1301 acceptas

287 1317 464 1368 quam
487 1312 592 1353 tuo
614 1298 707 1354 sub
733 1301 985 1373 imperio
1014 1301 1428 1361 existimemus,

442 1472 571 1531 Hac
594 1469 878 1531 felicitate
908 1487 1252 1559 temporum
1286 1478 1429 1538 dum
1450 1481 1571 1541 TE

286 1553 429 1613 ssrlua
461 1554 703 1616 fruimur
729 1603 747 1629 ,
799 1557 940 1619 dum
987 1561 1432 1644 placidiffimam
1472 1584 1567 1646 pa-

284 1659 416 1697 cem
433 1685 450 1711 ,
489 1660 602 1720 qua
623 1641 765 1701 nihil
787 1642 867 1704 est
895 1646 1153 1706 humano
1176 1651 1381 1728 generi
1403 1663 1569 1731 opta-

284 1725 446 1783 bilius
476 1772 494 1797 ,
550 1726 671 1786 TE
707 1730 1044 1810 imperante
1099 1753 1215 1791 non
1269 1733 1453 1792 solum
1509 1738 1566 1796 in

283 1809 515 1891 Europa
534 1808 850 1885 seruatam,
889 1815 985 1874 sed
1016 1838 1200 1898 nuper
1235 1819 1412 1876 etiam
1456 1822 1567 1879 tuis

283 1894 540 1975 auspiciis
570 1896 631 1953 in
663 1899 955 1959 Persarum
995 1898 1198 1962 finibus
1237 1901 1562 1962 restitutam

281 1977 505 2039 Ruffiae
524 1982 913 2061 gratulamur,
948 1986 1315 2067 ingratissimi
1350 2001 1562 2047 mortan

281 2061 420 2122 lium
452 2110 470 2136 ,
518 2075 737 2146 tuoque
780 2067 1067 2131 beneficio
1111 2071 1336 2153 indigni
1369 2071 1560 2145 fimuS„

1461 2157 1560 2219 nisi
