2013 2719
621 181 1009 230 CASANENSE.
1230 180 1233 181 ⁷
1377 199 1396 231 ε
1410 190 1466 242 85

204 295 399 337 tenditur
417 293 459 334 in
479 305 613 335 vnum
633 293 786 335 coaliti
805 294 911 346 sunt,
925 304 1072 335 cetera
1090 292 1207 335 diuisi
1232 307 1279 336 ac
1300 292 1471 349 separa-

204 363 250 402 ti.
319 362 562 413 Propterea
587 359 754 414 triplex
783 359 1001 400 abdomen
1028 372 1117 400 vno
1147 360 1383 414 conspeetu
1405 362 1471 401 in-

203 426 320 466 tueri
339 425 395 465 fas
416 425 495 474 est,
533 437 667 465 vnum
689 436 927 463 commune
950 424 1066 464 inter
1087 424 1291 466 thoraces
1310 435 1354 466 et
1374 438 1472 466 vm=

201 490 375 540 biiicos,
411 490 454 528 in
476 501 561 542 quo
579 487 758 541 funiculi
776 487 1033 527 vmbilicalis
1055 488 1260 542 simplicis
1292 490 1473 530 insertio

204 554 438 606 conspicua
474 553 530 593 est
550 580 562 603 ,
606 565 652 593 ac
681 565 812 593 vnum
839 554 988 606 cuique
1010 552 1127 593 suum
1154 555 1390 607 proprium
1410 555 1472 596 di-

202 619 423 668 stinctum,
449 617 565 672 quod
584 617 636 658 ad
657 616 743 658 offa
763 629 896 671 Vsque
917 617 1035 671 pubis
1057 618 1328 659 extenditur.

320 701 391 742 Ad
408 699 689 753 conspectum
710 700 1033 752 veropartium
1053 710 1371 741 contentarum
1388 698 1475 740 rite

202 765 450 806 habendum
479 765 648 804 curiosa
679 778 726 805 ac
753 763 952 804 inusitata
977 763 1104 804 cultri
1139 766 1384 806 directione
1408 765 1475 805 vti

202 828 370 871 necesse
390 827 468 869 fuit
510 843 522 879 ·,
558 828 674 869 Nam
694 840 866 881 coeptae
892 830 936 868 in
959 828 1147 870 sectione
1166 828 1359 871 thoracis
1378 841 1473 869 me-

203 894 346 935 thodo
374 892 622 942 insistendo,
653 905 738 933 vna
762 892 953 933 sectione
976 892 1024 932 ab
1049 907 1138 933 vno
1170 893 1307 934 latere
1331 892 1475 934 versus

201 960 385 1000 alterum
408 956 515 996 latus
534 956 798 1011 fastafidque
818 969 898 1010 per
920 957 1203 998 interstitium
1225 957 1292 997 seu
1311 958 1475 998 lineam

199 1036 305 1076 quae
333 1021 474 1062 ambas
501 1020 711 1074 gemellas
740 1021 942 1074 separat,
981 1021 1203 1062 abdomen
1233 1033 1475 1062 commune

197 1088 390 1140 primum
409 1086 586 1127 incisum
608 1086 684 1137 cst,
755 1086 905 1139 postea
933 1098 1012 1139 per
1038 1086 1299 1127 incisionem
1324 1086 1474 1139 longi-

197 1151 453 1201 melin-alem,
473 1150 558 1191 duo
580 1162 758 1192 ventres
778 1150 1065 1206 particulares
1076 1164 1204 1192 more
1223 1150 1393 1205 vulgari
1412 1150 1474 1192 se-

203 1215 394 1267 paratim
415 1216 560 1266 aperti
580 1215 712 1256 fuere.

318 1276 370 1316 In
389 1287 548 1318 neutro
571 1277 733 1318 horum
754 1278 1084 1330 particularium
1102 1281 1352 1331 ventrium,
1393 1293 1472 1323 oe-

202 1339 413 1379 conomia
435 1341 627 1392 partium
649 1340 834 1379 alterata
873 1354 920 1380 ac
939 1354 1152 1395 corrupta
1176 1359 1188 1393 ·‚
1208 1346 1378 1384 Verum
1392 1345 1473 1385 fin-

202 1403 300 1456 gula
320 1414 483 1454 organa
518 1402 615 1453 fim,
639 1415 825 1444 numero
844 1416 891 1443 ac
909 1404 1274 1448 conformatione
1295 1417 1475 1449 naturae

202 1466 496 1507 consentanea
517 1466 814 1507 obseruantur.

317 1545 480 1598 Incipit
520 1545 806 1587 solummodo
845 1547 1059 1589 viscerum
1090 1548 1219 1590 facies
1244 1551 1474 1595 immutari

200 1610 323 1662 supra
343 1609 594 1650 vmbilicum
616 1612 659 1651 in
689 1611 928 1652 abdomine
957 1615 1188 1655 communi
1233 1630 1246 1666 ·,
1290 1616 1474 1658 Etenim

211 1688 250 1714 1.
272 1674 399 1715 ambo
427 1673 758 1729 diaphragmata
784 1675 839 1718 fic
865 1677 1056 1718 inuicem
1078 1680 1327 1721 commixta
1346 1681 1439 1722 sunt
1461 1710 1473 1733 ‚

204 1747 253 1779 vt
273 1751 426 1790 vnum,
474 1739 694 1793 amplum,
721 1741 956 1783 musculare
976 1743 1168 1795 planum,
1187 1756 1285 1783 cum
1304 1745 1366 1786 bis
1394 1759 1470 1799 ge-

208 1803 336 1842 minis
363 1805 670 1858 appendicibus
698 1805 771 1848 fibi
800 1819 823 1846 e
853 1806 1075 1849 diametro
1105 1808 1326 1863 oppositis
1345 1823 1470 1851 com·=

202 1878 387 1921 ponant.
994 1879 998 1880 ⁷

324 1960 363 1986 2.
403 1948 623 1992 Viscerum
641 1951 965 2006 diaphragmati
987 1952 1247 1994 immediate
1260 1952 1469 1996 subiecto-

203 2022 299 2050 rum
319 2023 414 2052 cum
435 2012 571 2068 figura
589 2045 599 2068 ‚
638 2026 732 2058 tum
755 2016 873 2068 snus,
897 2017 1025 2058 instar
1041 2017 1256 2059 viscerum
1275 2017 1471 2060 thoracis

202 2075 464 2120 inuersus‘est:
488 2080 603 2121 Nam
615 2082 711 2122 vice
723 2082 890 2135 gemini
903 2080 1089 2136 hepatis,
1103 2083 1234 2124 massa
1248 2083 1441 2136 oblonga
1453 2110 1466 2135 ,

205 2149 261 2181 ex
273 2140 723 2202 amborumhepatum
736 2146 844 2189 facie
856 2159 1049 2190 concaua
1061 2156 1215 2190 mutuo
1234 2147 1308 2191 fibi
1319 2148 1468 2202 agglu-

856 2211 927 2255 Bb
969 2226 994 2254 2
1352 2213 1465 2256 tina=
