2013 2719
536 188 540 192 Α
567 168 662 223 '278
964 159 1487 215 OBSERVATIONES

572 276 734 318 nudata
768 284 1033 328 apparerent
1072 303 1082 325 ‚
1123 275 1185 316 his
1222 276 1329 317 adde
1361 275 1549 317 fissuram
1568 287 1769 331 magnam
1789 279 1833 321 in

568 341 750 388 cranio,
787 339 835 378 ad
859 339 1061 392 occipitis
1082 339 1281 380 foramen
1304 352 1506 393 magnum
1535 343 1832 394 terminatam,

568 416 801 455 munique
830 402 1017 444 tabulam
1039 415 1350 458 penetrantem
1398 432 1408 455 7
1457 405 1608 458 absque
1628 405 1710 447 vlla
1730 407 1834 447 effu-

567 467 687 506 sione
727 467 949 520 [anguinis.
1022 468 1106 510 Sed
1142 481 1192 508 an
1214 468 1321 521 ignis
1351 468 1484 510 talem
1506 468 1708 510 effectum
1728 484 1834 525 pro-

570 531 726 571 ducere
747 529 918 585 potest?

689 660 779 701 Cur
800 660 902 700 viris
941 659 1159 700 mamillae
1186 672 1208 699 a
1237 670 1387 701 natura
1415 661 1539 701 datae
1559 660 1650 700 sunt
1673 657 1687 699 ,ἲ
1727 662 1836 714 apud

569 724 865 764 Anatomicos
884 724 1007 777 saepe
1029 724 1283 777 disquiritur.
1325 725 1395 765 De
1418 724 1555 765 hocce
1587 725 1836 778 problema—

570 797 615 827 te
637 814 646 836 ,
690 786 774 827 hoc
799 800 913 828 anno
934 800 1083 828 coram
1104 788 1341 828 Academia
1363 789 1604 830 dissertatio
1624 789 1838 842 praelecta

572 849 648 892 fuit
696 880 706 902 ,
758 864 863 904 quae
896 864 1005 893 vero
1035 862 1133 892 ante
1163 851 1219 891 sui
1247 853 1593 905 publicationem
1623 855 1837 894 maiorem

572 915 891 966 praecisionem
936 916 1350 968 experimentorum
1390 917 1588 971 postulat.
1693 918 1840 957 Video

573 979 775 1030 equidem
799 978 1055 1031 perdifficile
1077 978 1158 1018 effe
1179 980 1435 1030 persuadere
1452 1009 1462 1028 ‚
1502 981 1746 1035 quodlac‘tis
1766 993 1840 1033 ge-

574 1042 749 1080 neratio
789 1040 900 1080 haud
947 1039 1110 1081 func'tio
1159 1040 1207 1079 sit
1263 1041 1361 1080 solis
1407 1043 1612 1081 foeminis
1656 1044 1839 1092 propi-ia

572 1104 773 1157 quodque
795 1116 815 1143 a
836 1104 917 1144 viri
940 1104 1155 1156 grauitate
1175 1102 1241 1143 seu
1267 1102 1479 1156 dignitate
1500 1101 1571 1142 vel
1590 1101 1637 1142 ab
1663 1103 1751 1154 ipsa
1778 1104 1842 1142 rei

573 1169 761 1209 veritate
793 1168 974 1207 minime
1004 1167 1192 1206 alienum
1221 1166 1267 1205 sit
1295 1165 1778 1214 affirmare‚commune
1799 1165 1842 1204 id

577 1230 658 1269 effe
684 1231 852 1280 vtrique
873 1229 987 1269 sexui
1009 1228 1283 1277 beneficium,
1305 1240 1394 1267 non
1415 1227 1609 1266 obstante
1632 1226 1845 1278 eo,quod

579 1293 701 1332 multi
717 1292 851 1331 hocce
864 1290 1079 1331 beneficio
1093 1300 1267 1330 careant
1288 1300 1357 1329 aut
1380 1290 1585 1330 illudnon
1605 1288 1846 1329 aduertant:

576 1357 692 1398 Nam
734 1355 852 1395 sicuti
881 1353 1100 1395 foeminae
1126 1365 1215 1393 non
1239 1365 1393 1395 omnes
1420 1366 1497 1394 nec
1515 1352 1708 1407 quolibet
1730 1363 1845 1392 tem-

580 1432 692 1473 pore
711 1420 807 1460 lac-”ti
828 1420 1081 1472 generando
1102 1428 1230 1470 aptae
1256 1417 1348 1458 sunt
1373 1445 1383 1467 ‚
1425 1419 1485 1458 ita
1510 1428 1681 1471 quoque
1703 1415 1847 1469 plures

580 1484 662 1524 eise
683 1483 843 1523 caussae
864 1482 1036 1535 poffunt
1057 1509 1068 1531 ,
1111 1481 1165 1521 ob
1184 1493 1282 1533 quas
1301 1482 1413 1532 apud
1432 1492 1560 1521 vnam
1582 1489 1762 1532 gentem
1780 1480 1844 1519 vi—

580 1559 735 1588 rorum
758 1545 975 1586 mamillae
990 1543 1404 1597 magisstlcculentae
1426 1543 1578 1585 etlac'ti
1598 1544 1845 1596 producen-

582 1612 639 1652 do
661 1611 855 1662 aptiores
894 1608 986 1649 sunt
1012 1620 1139 1662 quam
1166 1608 1277 1660 apud
1299 1606 1502 1657 alteram,
1539 1606 1682 1660 quales
1702 1607 1845 1647 causae

582 1675 674 1715 sunt
693 1672 807 1713 coeli
851 1699 862 1721 ‚
904 1671 1203 1720 educationis,
1245 1671 1360 1711 vitae
1379 1672 1579 1723 generis,
1622 1682 1845 1723 tempera-

582 1739 724 1780 menti
744 1736 862 1776 varia
884 1736 1122 1789 dispositio.
1227 1735 1358 1787 Apud
1382 1734 1602 1775 Thomam
1620 1734 1846 1777 Bai-tholi-

584 1814 686 1842 num
731 1801 944 1841 Anatom.
964 1800 1076 1841 Libr.
1106 1798 1161 1840 ΙΙ.
1186 1798 1293 1850 Cap.
1322 1798 1353 1839 I.
1375 1799 1477 1839 edit.
1516 1799 1650 1851 Lugd.
1696 1799 1844 1840 Batav.

586 1867 760 1906 mentio
781 1863 829 1905 fit
851 1865 1047 1917 integrae
1069 1863 1257 1904 nationis
1278 1863 1320 1902 in
1342 1875 1464 1904 nouo
1489 1862 1619 1913 orbe,
1660 1863 1848 1903 cuiusvi-

586 1931 621 1970 ri
636 1941 746 1982 pene
761 1941 915 1969 omnes
929 1927 1214 1981 magnalac‘tiq
1230 1927 1359 1979 copia
1373 1927 1600 1968 abundant.
1647 1925 1848 1969 InRuffia

588 1995 709 2033 idam
719 1992 824 2043 plius
836 2005 980 2032 rarum
993 2005 1083 2032 non
1097 1991 1151 2032 est
1164 1990 1309 2041 hodie,
1322 1991 1542 2045 postquam
1559 2003 1654 2031 mos
1667 1989 1848 2030 cadaue-

589 2069 683 2096 rum
704 2055 1363 2107 inspiciendorumintroductus
1394 2055 1462 2096 est.
1535 2055 1767 2095 Obseruaui
1804 2065 1849 2093 e-

591 2120 883 2160 nimvirorum
898 2132 1010 2172 pene
1033 2121 1228 2161 omnium
1242 2118 1451 2161 mamillas
1463 2118 1711 2172 postleuem
1725 2129 1850 2158 com-

591 2182 857 2239 preffionem
891 2184 1059 2227 succum
1089 2185 1189 2226 dare
1215 2183 1354 2226 modo
1380 2184 1565 2228 lacteum
1584 2182 1722 2226 modo
1734 2182 1850 2222 sero·

1745 2245 1852 2299 sum,
