2013 2719
530 186 630 225 172.
721 170 807 217 DE
846 168 1172 217 TERMINIS
1207 168 1650 222 GENERALIBVS

525 281 607 322 tius
636 278 707 320 fiat
727 283 794 331 (1)
821 293 942 320 ezr.
970 283 1159 332 (2)e:2.
1189 283 1382 333 (3)e:·3.
1425 281 1468 322 hi
1498 286 1666 324 numeri
1686 285 1727 324 in
1750 283 1790 324 se

525 344 641 386 ducii
670 345 770 385 dant
800 349 843 385 6.
865 347 1105 386 terminum
1130 346 1381 401 quaesitum,
1449 348 1623 389 Eodem
1646 351 1788 390 modo

524 409 668 449 series.

523 474 807 532 {4134-3'3—4—
831 473 1015 532 ¹3-†-&c.
1061 485 1293 516 reuocatur
1319 476 1370 516 ad
1394 476 1633 517 terminum
1655 488 1787 530 gene-

683 539 702 557 x
724 534 836 565 sx-4-1)

522 570 661 610 talem
679 581 698 609 e

645 648 718 685 13.
788 630 867 670 Hic
896 629 1096 683 inprimis
1138 630 1456 671 occurrendum
1497 640 1607 685 puto
1636 642 1786 672 eorum

523 696 731 752 opinioni
756 695 827 744 qui
855 693 963 733 hanc
994 693 1257 734 methodum
1285 722 1296 745 ‚
1343 695 1539 736 nondum
1570 695 1788 749 perspecta

520 762 735 811 militate,
772 769 1013 811 propterca
1032 759 1256 807 rejicient,
1297 759 1415 812 quod
1433 759 1680 800 hujumodi
1700 770 1788 799 ter-

522 829 664 867 minus
685 822 897 879 generalis
919 835 940 862 a
962 822 1083 862 nobis
1114 822 1350 876 descriptus
1371 837 1459 864 non
1482 825 1646 864 minuat
1669 823 1788 864 labo-

522 903 618 931 rem
639 892 680 930 in
704 887 997 939 inuestigando
1025 888 1221 927 termino
1246 887 1368 928 seriei
1391 916 1402 940 ‚
1443 891 1512 943 qui
1534 889 1752 942 quaeritur
1774 914 1785 936 ,

523 951 876 1007 quandoquidem
910 950 1031 989 verbi
1057 963 1120 1002 gr.
1189 952 1380 993 decimus
1416 954 1629 993 terminus
1667 953 1788 993 inue-

523 1019 606 1057 niri
627 1030 714 1057 non
735 1014 876 1068 potest
899 1013 971 1051 nisi
998 1013 1093 1064 post
1116 1026 1279 1053 nouem
1307 1018 1617 1056 antecedentes
1637 1017 1788 1057 inuen-

523 1090 593 1120 tos
621 1095 633 1130 ·‚
699 1077 858 1135 Quibus
891 1075 1140 1128 respondeo
1180 1076 1231 1114 ad
1265 1077 1503 1116 terminum
1536 1078 1790 1127 generalem

519 1144 647 1186 seriei
662 1156 751 1183 non
770 1141 813 1181 id
830 1141 990 1193 requiri
1003 1150 1046 1180 vt
1066 1140 1305 1180 terminum
1325 1137 1562 1191 quaesitum
1592 1136 1789 1178 citissime

522 1209 683 1261 prodat
706 1234 716 1256 ‚
758 1206 827 1245 sed
846 1203 929 1244 hoc
950 1203 1089 1243 solum
1117 1201 1308 1241 sufficere
1328 1211 1374 1240 vt
1396 1202 1613 1240 terminos
1636 1211 1792 1238 omnes

519 1272 645 1313 seriei
663 1283 750 1322 ope
771 1267 1022 1320 quantitatis
1034 1264 1253 1303 cuiusdam
1270 1263 1624 1315 variabilisatque
1648 1274 1789 1314 expo-

521 1335 645 1374 nenti
673 1332 969 1372 terminorum
997 1326 1303 1379 respondentis
1332 1325 1613 1380 aequabiliter
1641 1326 1789 1379 expri-

521 1408 627 1440 mat.
699 1395 765 1437 Sic
805 1405 937 1434 nemo
976 1391 1201 1444 negauerit
1242 1389 1397 1431 seriem
1435 1390 1732 1431 terminorum
1750 1400 1792 1441 ,α

521 1456 1046 1509 ..μαΖ-ἦααῖ-,ῑ-αάτ-ή-ἃς.
1088 1456 1202 1495 recte
1231 1456 1421 1506 exprimi
1448 1468 1529 1508 per
1550 1455 1790 1495 terminum

522 1523 776 1579 generalem
794 1523 841 1560 ax
863 1550 870 1558 .
891 1529 932 1559 at
952 1518 979 1557 fi
1000 1517 1146 1569 posito
1165 1528 1294 1565 (τῖ’-χ.
1336 1530 1468 1567 ng.
1507 1519 1792 1557 inueniendus

522 1590 572 1630 sit
596 1587 807 1630 terminus
830 1583 982 1623 tertius
1004 1580 1160 1629 seriei,
1200 1579 1301 1632 quid
1327 1580 1482 1632 quaeso
1502 1579 1675 1620 confert
1697 1580 1788 1620 for-

525 1654 640 1693 mula
662 1646 873 1702 generalis
893 1647 939 1686 (1³c
959 1677 967 1684 .
1008 1644 1058 1683 ad
1089 1655 1316 1683 numerum
1338 1655 1381 1692 7.
1420 1654 1487 1683 ter
1508 1643 1551 1682 in
1569 1644 1608 1684 se
1630 1644 1788 1683 ducen-

526 1717 627 1757 dum
641 1725 687 1755 vt
700 1705 1027 1765 prodent343?
1051 1709 1163 1764 Quin
1189 1707 1280 1747 imo
1303 1706 1328 1746 si
1356 1706 1523 1747 facilior
1550 1707 1592 1747 in
1619 1707 1787 1760 quibus—

524 1781 624 1820 dam
636 1777 818 1819 seriebus
831 1775 1127 1816 terminorum
1141 1769 1383 1824 progressio
1397 1771 1513 1823 est‚id
1536 1779 1786 1823 exrecepto

525 1841 783 1884 numerandi
803 1851 965 1893 genere
986 1849 1062 1891 per
1083 1836 1262 1877 decades
1280 1835 1451 1888 potius,
1492 1848 1617 1888 quam
1631 1847 1685 1875 ex
1697 1834 1787 1875 for·

522 1907 638 1948 mula
675 1905 856 1947 termini
885 1901 1099 1956 generalis
1118 1899 1416 1941 deducendum
1441 1900 1614 1941 videtur
1641 1927 1653 1952 ‚
1689 1909 1736 1940 vt
1759 1897 1789 1940 fi

524 1973 569 2012 in
585 1971 692 2012 serie
710 1972 784 2010 ccx.
826 1978 1016 2021 ponatur
1040 1977 1200 2006 (1:10.

645 2048 720 2086 14.
795 2033 948 2086 Neque
969 2043 1125 2072 moror
1150 2029 1276 2070 aliam
1298 2027 1598 2070 difficultatem
1619 2054 1631 2077 ‚
1671 2025 1791 2079 quod

525 2097 699 2141 valeres
741 2097 1039 2139 terminorum
1076 2093 1399 2150 exponentibus
1433 2092 1572 2136 fractis
1605 2091 1788 2144 respon-

1675 2155 1785 2196 den-
