2013 2719
501 186 528 214 ο.
647 167 735 215 DE
767 165 1019 215 CENTRO
1069 162 1554 214 OSCILLATIONIS

498 277 596 318 stitis
617 278 769 319 tritam
792 289 848 318 ex
868 276 945 318 suis
967 275 1193 331 principiis
1217 274 1413 329 genuinis
1441 285 1593 314 eruere
1624 274 1755 316 doce-

498 341 556 382 bo
579 370 591 393 ,
631 354 721 382 non
750 351 860 395 puto
889 340 933 381 id
961 341 1069 381 mihi
1097 341 1212 382 vitio
1241 338 1413 380 versum
1441 337 1634 394 iri,quod
1655 353 1755 383 eum

496 405 586 448 hoc
607 405 711 447 loco
735 406 954 459 publicare
974 405 1254 445 sustinuerim.

619 484 658 510 1.
729 469 793 512 Sit
815 482 921 518 ergo
943 466 1182 518 pendulum
1204 462 1602 521 CPonnderibus
1622 476 1755 519 quot·

498 546 663 587 cunque
683 534 726 582 P,
751 532 805 589 Q,
830 532 910 571 &c.
932 529 1253 582 compositum:
1277 529 1319 567 in
1342 527 1559 568 schemate
1581 530 1755 582 quidem

498 610 589 638 non
612 596 686 636 nisi
709 595 794 635 duo
816 595 1016 648 pondera
1035 594 1079 644 P,
1102 594 1156 652 Q,
1181 592 1379 645 express-a
1400 592 1520 641 sunt,
1545 592 1755 646 sedquot-

496 673 663 714 cunque
687 658 768 699 alia
788 659 832 699 iu
853 658 968 699 hisce
990 658 1153 699 duobus
1174 656 1435 708 subintelligi
1458 656 1632 706 debent,
1649 670 1756 710 quo-

497 738 595 766 rum
626 734 777 765 centra
807 723 877 764 vel
908 724 950 763 in
982 723 1144 763 eodem
1177 720 1311 774 plano
1344 720 1562 770 existant,
1613 731 1682 761 aut
1716 723 1758 762 in

499 789 638 844 planis
660 787 832 828 diuersis
854 803 866 839 ·‚
886 786 1092 827 conficiat
1124 785 1210 825 hoc
1249 784 1488 838 pendulum
1518 784 1758 825 oscillatio-

501 867 575 894 nes
598 853 685 893 suas
706 853 820 893 circa
841 863 969 892 axem
991 862 1071 903 per
1092 851 1127 892 C
1151 848 1476 898 transeuntem,
1514 862 1642 901 quem
1665 849 1756 902 pla-

500 930 560 958 no
585 916 704 957 huius
732 915 908 956 chartae
939 913 1367 968 perpendiculariter
1405 912 1608 953 insistere.
1675 915 1757 956 Po-

500 993 651 1022 namus
680 980 850 1033 insuper
880 982 1086 1034 punctum
1116 979 1164 1020 Μ
1195 979 1408 1018 denotare
1437 986 1638 1018 centrum
1661 991 1758 1031 gra-

500 1046 646 1084 uitatis
678 1046 878 1085 omnium
908 1044 1278 1098 partium,quibus
1307 1042 1546 1096 pendulum
1568 1055 1759 1096 compo-

502 1110 652 1159 nitur,
691 1109 885 1161 hancque
916 1110 1051 1162 ipsam
1073 1107 1270 1149 litteram
1295 1107 1517 1160 designare
1546 1106 1758 1147 summam

505 1174 705 1214 omnium
734 1173 983 1226 ponderum
1012 1172 1138 1226 ipsius
1167 1172 1359 1226 penduii.
1459 1173 1595 1214 Resta
1624 1171 1761 1214 ΟΜΝ

503 1250 630 1290 quam
652 1238 695 1277 in
718 1236 851 1290 plano
881 1237 1002 1278 huius
1032 1237 1209 1278 chartae
1238 1237 1420 1277 existere
1449 1235 1570 1289 fingo
1594 1263 1605 1285 ,
1644 1236 1760 1276 dica-

503 1311 573 1341 tur
594 1304 691 1341 axis
714 1302 892 1355 penduli
911 1302 1165 1355 compositi.
1234 1301 1365 1357 Quod
1384 1300 1413 1340 fi
1436 1310 1664 1352 praeterea
1678 1299 1764 1341 CN

501 1364 552 1404 sit
573 1365 809 1413 longitudo
831 1365 1008 1411 penduli
1029 1365 1236 1407 simplicis
1255 1360 1511 1407 composito
1524 1358 1762 1398 tautochro-

499 1425 564 1475 ni,
605 1423 901 1463 oscillationes
921 1421 1008 1460 suas
1029 1419 1191 1458 eodem
1212 1425 1447 1468 tempore,
1485 1430 1571 1470 quo
1594 1420 1760 1471 pendu-

502 1488 593 1528 lum
625 1484 928 1536 compositum
959 1478 1220 1521 absoluentis
1250 1504 1261 1528 ,
1312 1479 1492 1519 ducatur
1520 1493 1601 1532 per
1630 1494 1761 1523 axem

505 1548 793 1591 oscillationis
824 1546 859 1589 C
890 1545 1005 1585 linea
1033 1540 1326 1584 horizontalis
1353 1542 1436 1585 CY
1455 1569 1468 1593 ,
1507 1551 1549 1583 et
1571 1556 1626 1585 ex
1646 1545 1694 1587 M
1717 1553 1762 1586 et

504 1615 549 1658 N
569 1609 953 1666 perpendiculares
972 1610 1016 1649 in
1038 1620 1134 1648 eam
1156 1606 1445 1648 demittantur
1464 1606 1575 1658 MD,
1590 1608 1690 1651 NY.

629 1691 670 1716 2.
736 1675 814 1718 His
833 1672 1100 1728 praemissis,
1138 1670 1272 1725 liquet
1294 1698 1306 1722 ,
1347 1670 1465 1725 quod
1491 1670 1609 1725 lapsu
1639 1684 1762 1713 acce-

510 1740 655 1781 lerato
678 1741 770 1781 axis
791 1737 969 1793 penduli
989 1736 1104 1787 CM,
1143 1748 1198 1777 ex
1217 1735 1296 1776 situ
1315 1734 1587 1776 horizontali
1610 1737 1690 1781 CY
1717 1737 1761 1777 in

512 1806 602 1849 CM
617 1833 628 1855 ,
666 1803 854 1858 singulae
876 1812 1022 1856 partes
1042 1800 1219 1855 penduli
1237 1801 1283 1851 P,
1323 1801 1378 1858 Q,
1400 1801 1537 1841 &c.et
1557 1813 1763 1842 commu-

511 1882 566 1911 ne
589 1869 776 1922 ipfiirum
789 1878 987 1908 centrum
1001 1865 1286 1920 grauitatisM
1306 1864 1563 1919 acquisiuiss'e
1575 1865 1760 1906 debeant

512 1933 763 1974 celeritates
783 1931 941 1985 aliquas
962 1958 974 1982 ,
1013 1938 1157 1986 quasp
1178 1956 1190 1981 ,
1229 1942 1280 1986 q,
1317 1930 1399 1971 ἃς.
1429 1939 1473 1970 et
1494 1941 1543 1980 u,
1582 1931 1761 1971 vocabi-

511 2010 630 2047 mus,
668 2009 775 2050 quae
798 2007 986 2050 propter
1007 1995 1339 2037 connexionem
1360 1995 1551 2048 partium
1565 1994 1758 2047 penduli,

514 2061 723 2102 distantiis
744 2062 836 2113 CP,
876 2062 979 2118 CQ,
1018 2071 1061 2102 et
1097 2060 1187 2104 CM
1216 2060 1265 2100 ab
1285 2072 1366 2100 axe
1398 2057 1681 2099 oscillat10nis
1701 2059 1758 2109 C,

514 2125 880 2179 proportionales
901 2135 1040 2165 erunt.
1106 2126 1198 2167 Hae
1225 2136 1335 2165 vero
1358 2123 1449 2173 CP,
1492 2124 1582 2180 CQ
1607 2124 1686 2164 &o
1714 2125 1761 2163 in

512 2203 649 2234 vnum
667 2191 868 2247 idemque
886 2191 1094 2249 punctum
1112 2187 1393 2248 suspensionis
1412 2198 1685 2243 conuergent
1699 2215 1710 2237 ,
1732 2187 1763 2230 fi

1658 2263 1763 2294 cen-
