2013 2719
534 171 561 198 2
570 170 595 199 0
607 161 630 198 8
852 148 941 197 DE
978 147 1348 197 THERMOME
1355 150 1464 197 TRI
1467 151 1500 203 S

534 261 700 302 mendo
728 259 881 301 casibus
905 286 916 310 ,
989 272 1076 313 quo
1104 258 1229 313 ipsius
1253 260 1357 301 vitri
1382 260 1502 302 calor
1532 261 1580 303 ab
1601 276 1698 305 aere
1719 265 1803 307 cir-

538 325 728 367 cumfuso
755 325 919 373 oritur,
962 333 1005 364 et
1026 325 1077 365 ad
1099 323 1343 365 conclusum
1363 325 1683 369 transfunditur.
1815 369 1817 371 .

655 401 735 440 47.
807 388 994 429 Virtutis
1015 388 1119 430 loco
1144 389 1222 440 est,
1250 388 1278 429 fi
1297 388 1495 430 machina
1515 390 1666 433 seruiat
1680 406 1802 434 com-

535 453 736 506 parandis
765 451 1015 507 dimissu-mn
1045 455 1246 506 regionum
1270 454 1403 494 locis:
1442 455 1563 494 Hunc
1583 457 1699 496 euim
1720 457 1803 498 clis-

535 516 756 570 quisitioni
794 516 888 557 suae
918 517 1098 570 scopum
1128 516 1406 570 praefixere,
1447 519 1517 571 qui
1546 518 1590 558 in
1609 518 1803 562 calorem

536 580 673 621 fixum
701 581 1032 635 'iuquissuerunt.
1111 583 1203 622 Iam
1224 583 1314 622 dixi
1346 609 1357 632 ‚
1399 581 1532 622 talem
1553 595 1624 623 me
1644 583 1805 626 nullum

537 645 724 698 sperare.
794 645 937 698 Igitur
960 647 1001 685 in
1023 658 1077 687 eo
1101 646 1346 698 acquiesco,
1386 657 1433 686 vt
1458 658 1544 699 ope
1570 646 1694 688 huius
1712 661 1803 689 ma-

537 709 689 750 chinae
711 708 805 749 fieri
826 710 906 750 alia
927 711 1041 750 inter
1060 710 1249 750 diuersos
1278 709 1579 751 obseruatores
1605 723 1803 751 commu-

537 775 702 814 nicatio
724 772 873 828 possit,
912 785 954 815 ct
975 774 1262 816 commodior
1280 773 1353 815 illa
1370 786 1495 828 quam
1513 774 1713 817 hactenus
1728 776 1804 816 ob·

538 839 683 879 tinuit.
964 871 967 874 Α

656 905 732 953 48.
804 902 1059 943 Florentina
1077 901 1106 942 si
1125 901 1325 942 adhibeas
1343 900 1806 952 Tliei·momctra,sieri

535 964 766 1018 graduatio
787 965 956 1006 actualis
985 966 1112 1006 debet
1133 991 1145 1015 ,
1187 965 1286 1004 dum
1308 978 1390 1017 pro
1412 965 1580 1018 singulis
1605 967 1715 1019 quasi
1736 980 1804 1007 cu-

536 1027 682 1067 lorum
715 1027 975 1069 differentiis
1011 1030 1154 1069 eidem
1182 1029 1417 1080 temperiei
1446 1028 1545 1067 bina
1573 1041 1803 1080 exponun-

538 1100 606 1130 tur
627 1090 987 1132 Thermometra.
1057 1093 1109 1133 Id
1135 1092 1261 1132 nimis
1289 1092 1439 1145 vtique
1469 1091 1699 1130 molestum
1730 1091 1799 1131 est.

537 1155 696 1195 Nostra
725 1156 1123 1206 compraesentiam
1152 1155 1367 1208 postulant
1399 1181 1409 1202 ,
1450 1154 1520 1193 sed
1537 1154 1719 1203 sufficit,
1757 1164 1804 1193 vt

536 1218 671 1257 semel
690 1229 733 1257 et
756 1219 798 1256 in
817 1219 937 1257 vuica
958 1220 1066 1258 aeris
1084 1219 1302 1269 temperie
1325 1225 1654 1266 comparentur.
1719 1215 1807 1254 Ob—

539 1290 668 1321 tento
706 1280 837 1321 semel
869 1281 953 1320 hoc
976 1281 1202 1320 communi
1234 1279 1587 1331 proportionum
1612 1278 1807 1318 termino

539 1344 732 1383 conseri-i
761 1344 952 1383 inuicem
982 1356 1135 1384 omncs
1163 1344 1271 1383 aeris
1293 1343 1416 1383 status
1437 1341 1610 1395 poffunt
1633 1356 1645 1392 ·,
1682 1352 1728 1382 vt
1749 1340 1807 1382 fa-

538 1407 621 1448 cile
639 1407 911 1462 intelligitur.
1016 1407 1177 1463 Quodsi
1203 1409 1334 1459 igitur
1355 1419 1450 1448 cum
1472 1418 1570 1445 cura
1591 1404 1695 1446 fiant
1715 1417 1806 1445 ma-

539 1471 736 1512 chinulae
761 1467 796 1514 ᾗ.
822 1485 896 1510 21.
917 1470 1155 1522 descriptae
1187 1497 1197 1519 ‚
1239 1481 1281 1510 et
1310 1472 1353 1509 in
1377 1470 1420 1510 D
1450 1469 1687 1521 sigillentur
1706 1468 1805 1508 her-

539 1537 703 1575 metice
729 1562 740 1585 ‚
778 1534 1019 1572 transmitti
1046 1532 1397 1572 commodiffime
1430 1544 1507 1583 per
1531 1531 1685 1571 orbem
1709 1533 1805 1572 vni-

539 1598 711 1639 versum
732 1596 932 1649 possunt3
970 1606 1013 1637 et
1034 1596 1103 1636 vbi
1124 1596 1166 1634 in
1185 1597 1332 1636 locum
1352 1595 1666 1636 obstet-nationis
1693 1594 1805 1637 futu-

539 1674 614 1702 rae
649 1661 965 1715 peruenerint‚
1006 1660 1166 1714 aperiri
1203 1661 1246 1700 in
1280 1659 1323 1701 D
1352 1669 1395 1701 et
1432 1658 1572 1700 facere
1612 1658 1805 1702 officium

539 1724 671 1766 suum.

659 1804 737 1841 49.
809 1786 1009 1841 Superest
1038 1815 1050 1839 ‚
1088 1798 1136 1830 vt
1159 1799 1367 1829 moneam
1396 1815 1407 1838 ,
1450 1800 1501 1828 an
1523 1800 1613 1827 non
1642 1799 1805 1841 operae

540 1854 736 1906 pretium
773 1852 822 1893 fit
868 1861 1107 1907 comparare
1153 1853 1339 1893 inuicem
1385 1851 1511 1906 plura
1555 1852 1806 1892 huiusmodi

540 1917 889 1957 Thermometra
909 1917 1053 1958 eidem
1072 1918 1162 1958 aeri
1188 1915 1387 1970 exposita
1407 1943 1417 1966 ‚
1457 1926 1503 1957 vt
1523 1916 1805 1968 intelligatur,

545 1993 597 2021 an
619 1982 805 2021 omnino
826 1982 1077 2034 conspirent
1099 1982 1321 2022 mensurae
1342 1977 1357 2019 ,ἶ
1392 1994 1442 2021 an
1458 1994 1540 2033 pro
1565 1979 1722 2019 diuersa
1735 1991 1804 2018 ae-

544 2046 601 2084 ris
615 2043 733 2084 mole
754 2040 770 2083 ἲ
791 2057 841 2084 an
862 2058 945 2098 pro
970 2045 1214 2087 diuersitate
1235 2046 1473 2098 temporis,
1508 2057 1593 2097 quo
1614 2042 1685 2083 ille
1698 2055 1803 2082 con-

547 2109 733 2151 cluditur
757 2105 773 2148 ζ
813 2110 882 2152 vel
902 2123 986 2166 pro
1018 2111 1299 2153 diuturnitate
1330 2109 1578 2164 temporis,
1619 2121 1703 2163 quo
1732 2106 1804 2147 ille

1699 2182 1807 2212 con-
