2013 2719
707 34 793 65 a„

380 159 623 211 ARTICV
621 159 777 209 LATI
781 162 807 209 S
841 158 1149 208 LAPIDEIS.
1327 168 1417 204 261

149 289 275 321 ceum
295 273 746 325 immediatejocetur
766 273 835 316 sub
853 272 961 314 testa
980 273 1048 313 sua
1077 299 1089 324 ‚
1127 282 1212 326 quo
1233 268 1338 310 haec
1369 267 1430 309 ef-

151 344 291 386 fluuiis
313 342 509 381 animalis
531 341 732 393 generari
751 349 892 393 queat.
961 338 1057 379 Iam
1078 349 1214 387 vero,
1252 335 1282 376 fi
1301 333 1435 374 cauda

152 405 351 450 animalis
372 406 546 446 testacei
575 432 586 456 ‚
624 403 696 444 vel
716 416 792 456 pes
812 430 824 453 ‚
865 401 936 444 vel
965 403 1369 456 quomodocunque
1393 398 1437 438 id

149 483 314 515 vocare
334 470 563 524 placuerit,
586 468 846 521 fiphunculo
866 466 1094 507 interioris
1116 464 1343 518 conchylii
1366 463 1437 503 ab·

154 535 411 585 scondatur‚
451 533 627 586 lobique
648 532 749 572 inde
771 532 823 572 ad
842 531 981 572 latera
1003 530 1248 584 prodeant,
1306 539 1438 582 pote-

153 611 255 644 runt
276 600 377 639 inde
399 598 519 652 septa
539 608 583 639 et
604 597 712 639 testa
750 596 980 637 efformari
1006 623 1019 646 ‚
1063 596 1253 648 ideoque
1289 603 1442 634 totum

153 666 336 709 interius
363 664 595 704 testaceum
626 689 638 713 ‚
680 661 876 701 medium
905 672 996 700 non
1018 660 1126 700 item
1173 687 1185 711 ⁷
1239 657 1315 699 nisi
1352 668 1443 710 ope

157 727 579 772 communicationis
637 727 857 767 cuiusdam
909 723 1221 765 animalculum
1281 733 1444 776 corpus

159 797 279 837 suum
301 804 355 833 eo
375 792 613 843 expandat.
715 790 841 831 Idem
869 789 1154 829 ratiocinium
1177 796 1221 827 et
1241 788 1293 828 de
1314 797 1443 828 exte-

159 860 271 902 riori
289 854 403 897 valet
422 854 631 893 testaceo.
701 853 802 894 Alia
821 864 968 893 meam
991 854 1291 894 coniecturam
1304 851 1443 892 robo-

161 937 257 966 rans
278 920 392 960 ratio
431 930 487 958 ex
507 918 684 956 ratione
720 915 1083 970 lapidificationis
1115 944 1127 967 ‚
1182 929 1310 969 quam
1334 916 1445 956 olim

162 988 345 1030 testacea
367 982 472 1023 haec
492 981 692 1035 perpessa
710 980 803 1023 sunt
818 1011 830 1033 ‚
871 980 998 1021 reddi
1018 981 1178 1036 potest.
1280 979 1446 1037 Quodsi

155 1050 322 1092 nullum
346 1047 507 1087 horum
530 1047 826 1087 testaceorum
847 1046 966 1086 inter
977 1045 1018 1086 se
1040 1046 1364 1086 commercium
1379 1056 1445 1084 es-

154 1114 242 1164 set,
284 1113 355 1166 qui
375 1111 584 1165 potuisset
606 1111 705 1152 fieri
727 1138 737 1162 ,
760 1121 808 1153 vt
832 1112 1020 1150 materia
1038 1110 1210 1165 lapidea
1228 1111 1272 1150 in
1296 1110 1449 1150 omnia

157 1178 243 1219 sese
273 1175 515 1217 insinuasset
545 1204 556 1227 ,
598 1176 674 1217 nis1
703 1177 797 1217 vim
824 1187 1030 1228 magnam
1070 1174 1314 1228 conchylio
1353 1174 1448 1215 illa-

106 1260 107 1265 *
159 1250 254 1281 tam
290 1237 666 1293 supponeremus?
684 1241 801 1280 Talis
828 1253 939 1281 vero
966 1241 1031 1281 vis
1049 1241 1095 1281 in
1116 1240 1271 1281 nostris
1290 1240 1447 1293 lapidi-

159 1304 236 1345 bus
251 1299 378 1344 'nullo
397 1303 437 1343 se
459 1305 612 1357 prodit
632 1304 825 1352 indicio,
865 1313 913 1342 vt
935 1304 1123 1356 aequalis
1142 1304 1292 1356 potins
1314 1314 1357 1343 et
1378 1316 1448 1344 re-

161 1369 323 1421 gularis
345 1368 545 1408 omnium
574 1367 767 1419 partium
799 1366 1163 1407 constituentium
1193 1367 1450 1408 obseruetur

164 1431 468 1473 coordinatio.
542 1430 669 1485 Sequi
690 1431 852 1471 exinde
870 1430 1049 1471 videtur
1077 1460 1088 1483 7
1124 1433 1357 1473 materiam
1387 1431 1448 1471 la—

163 1497 344 1552 pideam
366 1509 446 1549 per
465 1494 764 1548 fiphunculum
803 1494 981 1535 testacei
1006 1496 1235 1536 interioris
1262 1496 1448 1536 influen—

167 1571 263 1603 tem
281 1558 531 1601 distribuisse
553 1559 593 1600 se
615 1572 694 1613 per
713 1557 827 1600 illius
845 1560 1285 1613 concamerationes,
1322 1561 1449 1600 inde-

167 1638 249 1680 que
268 1626 306 1666 se
325 1624 534 1667 diffudisse
554 1636 635 1677 per
655 1625 1070 1665 concamerationes
1089 1625 1252 1676 medii,
1295 1625 1451 1666 abhinc

168 1703 252 1746 per
271 1702 338 1732 eas
360 1718 371 1741 ,
391 1701 498 1745 quae
517 1689 737 1731 exteriori
755 1688 958 1742 cylindro
978 1689 1265 1744 respondent.

295 1758 368 1795 28.
435 1755 592 1797 Radius
614 1753 863 1796 articulatus
882 1756 1050 1807 rectus,
1088 1754 1266 1797 alneolo
1290 1756 1451 1797 conni-

170 1829 331 1869 vente,
371 1820 557 1871 striatas,
602 1820 798 1874 sequenti
819 1821 1153 1861 accommodari
1175 1821 1320 1875 potest
1342 1833 1450 1860 con-

173 1883 340 1935 chylio.
428 1884 725 1938 conchylium
770 1884 973 1926 vniualue
1021 1886 1404 1938 cylindroidaeum
1440 1915 1453 1939 ,

171 1948 390 1998 striatum,
433 1949 475 1989 in
494 1951 909 1993 concamerationes
927 1950 1104 1991 diuisum
1136 1979 1147 2002 ‚
1190 1952 1275 2001 ita,
1312 1959 1360 1991 vt
1387 1950 1450 1991 se-

172 2023 251 2067 pta
280 2017 689 2057 concamerationes
715 2016 1028 2057 constituentia
1059 2016 1200 2058 versus
1240 2014 1450 2070 periphe-

175 2078 265 2120 riae
296 2078 482 2135 aliquem
502 2081 652 2123 locum
673 2081 842 2124 exsecta
878 2080 991 2135 quasi
1008 2080 1103 2122 sint.
1176 2081 1311 2137 Septa
1330 2079 1448 2132 huic,

1377 2158 1446 2187 ra·
