2013 2719
626 152 993 204 SCYTHICAE
1353 163 1451 211 367

165 271 237 317 tili
255 270 491 315 vtebantur
510 266 561 307 de
582 265 735 307 fraeno
752 266 850 320 equi
883 264 1081 318 suspenso
1097 281 1104 307 :
1118 277 1203 320 quo
1217 266 1306 320 quis
1330 267 1454 319 plura

164 340 288 380 coria
313 334 492 390 gerebat
514 361 525 386 ,
565 345 621 372 eo
640 331 870 373 videbatur
899 330 1111 370 nobilior.
1181 332 1270 373 Alii
1290 341 1389 371 cute
1409 333 1453 372 in

163 403 289 445 frusta
340 399 511 441 concisa
539 399 683 439 laenas
720 395 986 437 consuebant
1012 423 1023 447 ,
1063 406 1286 450 tamquam
1309 396 1454 449 sisyras

166 467 429 523 pastoritias.
533 462 664 504 Multi
691 462 828 502 etiam
855 472 1006 500 manus
1028 461 1232 501 dexteras
1263 460 1454 503 hostium

166 533 264 587 ipsis
285 544 383 571 cum
403 527 610 581 vnguibus
633 524 922 567 excoriabant
944 553 955 575 ,
978 526 1125 578 quibus
1146 530 1314 577 corytis
1346 525 1454 580 pha-

164 608 383 639 retrarum
404 592 636 635 vtebantur
657 620 667 644 ‚
707 592 779 632 alii
799 599 924 630 totos
964 589 1170 630 homines
1199 594 1455 633 excoriatos

166 673 211 702 et
236 663 278 700 in
295 660 420 712 lignis
442 667 652 699 extentos
674 657 791 710 equis
811 655 1119 707 imponebant.
1188 656 1386 696 Humana
1408 670 1452 698 e-

167 728 260 767 nim
283 735 401 774 cute,
427 732 474 764 vt
496 721 733 762 craffiffima
757 730 801 761 et
822 720 1016 759 candore
1041 718 1297 761 nitidissimo
1334 720 1453 762 dele-

164 791 398 834 trahantur.
502 784 890 828 Infensiffimorum
918 784 1108 825 hostium
1154 785 1310 824 craniis
1344 785 1455 827 infra

166 854 391 910 supercilia
446 850 599 890 excisis
638 851 921 902 purgatisque
966 849 1128 889 bouina
1165 850 1287 890 coria
1328 850 1453 891 indu-

165 922 359 968 cebant,
402 915 555 956 diuites
595 914 732 954 etiam
770 914 988 954 interiora
1015 914 1153 954 cranii
1198 915 1453 956 inaurabant

164 994 208 1023 et
232 997 286 1023 eo
305 980 538 1023 vtebantur
560 978 746 1032 poculo.
823 977 908 1019 Sed
923 978 1095 1017 suorum
1116 991 1290 1032 quoque
1310 982 1457 1021 crania

155 1045 282 1086 illum
318 1047 362 1085 in
386 1045 503 1085 vsum
527 1042 839 1093 exscindebat,
881 1043 953 1096 qui
988 1042 1068 1083 lite
1095 1044 1208 1096 apud
1236 1055 1389 1096 regem
1411 1054 1456 1085 et

159 1109 296 1150 cauffa
337 1110 519 1163 cognita
551 1109 752 1162 superior
784 1120 807 1147 e
829 1108 994 1148 iudicio
1018 1107 1277 1149 discedebat.
1380 1110 1458 1152 His

160 1173 329 1228 poculis
352 1175 588 1228 praecipue
612 1173 916 1226 gloriabantur
955 1173 1067 1226 apud
1094 1172 1304 1225 hospites.
1379 1174 1457 1216 Se-

159 1237 253 1278 mel
286 1240 517 1291 quotannis
546 1239 834 1292 vnusquisque
863 1238 1060 1289 regionis
1096 1238 1303 1290 princeps
1323 1239 1389 1279 sua
1414 1241 1458 1279 in

159 1303 333 1343 ditione
370 1304 548 1344 tribules
576 1305 684 1343 vino
722 1301 914 1341 donabat
947 1327 957 1349 ,
1000 1304 1117 1354 quod
1138 1300 1211 1340 suo
1234 1303 1410 1356 quisque
1434 1315 1458 1343 e

157 1369 309 1407 crunio
330 1367 495 1408 biberet
525 1395 536 1416 ,
577 1367 648 1420 qui
675 1363 896 1405 fortissimi
921 1365 1377 1416 censebai1tur,etiam
1401 1379 1460 1410 ex

159 1432 344 1472 duobus:
383 1433 425 1472 id
447 1442 493 1473 vt
513 1431 700 1471 honoris
722 1429 858 1469 caussa
878 1428 961 1468 illis
985 1430 1223 1481 tributum,
1255 1433 1315 1471 ita
1338 1442 1458 1472 cete-

157 1497 239 1547 ris,
280 1496 352 1550 qui
390 1496 510 1537 nullo
549 1495 673 1535 hoste
705 1494 829 1534 caeso
852 1494 1200 1535 excludebantur
1221 1509 1242 1535 a
1265 1509 1459 1550 compo-

158 1563 360 1612 tatione,
399 1572 584 1613 magnue
606 1559 885 1612 ignominiae
909 1557 1003 1599 fuit.
1082 1559 1213 1602 Nulla
1241 1563 1460 1602 connubia

122 1615 130 1620 ⁴
160 1626 202 1666 in
225 1625 421 1678 Scythis,
465 1624 760 1678 promiscuam
774 1625 1002 1664 Venerem
1028 1625 1230 1665 omnium
1255 1625 1460 1669 fuiffeNi-

160 1690 308 1731 col-iius
335 1690 631 1731 Damascenus
652 1688 892 1741 scripsit,et
914 1689 1112 1728 seniores
1136 1690 1274 1731 dictos
1296 1702 1461 1745 patres,

157 1756 352 1796 iuniores
387 1753 533 1806 filios,
571 1753 771 1807 aequales
809 1753 995 1794 fratrum
1026 1753 1067 1793 se
1095 1753 1201 1794 loco
1232 1756 1411 1796 coluisse
1451 1773 1460 1799 ι

160 1833 268 1874 quae
289 1819 515 1872 quidem,s1
536 1819 822 1860 Herodotum
846 1818 1020 1867 videas,
1063 1831 1175 1858 vana
1194 1819 1287 1860 sunt
1310 1830 1353 1860 et
1366 1820 1459 1861 Pla-

159 1886 336 1924 tonicae
350 1883 619 1937 reipublicae
638 1883 959 1924 tantummodo
973 1892 1088 1935 apta.
1130 1883 1284 1925 Nullus
1302 1884 1459 1939 inScy-

161 1949 251 1989 thia
307 1950 535 1988 mzinuariis
581 1948 740 1989 artibus
781 1946 927 1989 honos
968 1963 976 1988 :
1023 1945 1114 1987 sola
1171 1949 1359 2001 dignitas
1417 1951 1463 1992 in

159 2006 390 2064 armis:('*)
410 2011 547 2054 nullae
566 2013 708 2064 vrbes,
729 2012 841 2052 nulla
861 2011 1040 2053 moenia
1063 2039 1074 2062 ‚
1102 2012 1263 2055 domos
1281 2014 1324 2054 in
1339 2013 1462 2068 plau-

159 2081 249 2120 stris
270 2079 630 2119 circumferebant
657 2106 667 2128 ,
710 2079 820 2119 laete
861 2088 905 2118 et
947 2077 1183 2130 pecoribus
1213 2080 1253 2120 se
1279 2079 1461 2134 suosque

158 2143 346 2185 alebant.
412 2145 479 2194 (2)
505 2144 748 2197 callipidae
779 2172 789 2195 ,
826 2140 1086 2194 Alazones,
1121 2145 1192 2196 (3)
1226 2144 1386 2185 Budini
1418 2154 1463 2184 et

159 2205 277 2250 'JWnu
302 2208 382 2247 ΠΙ·
857 2206 962 2247 Bbb
1363 2207 1454 2249 Ge-
