2013 2719
255 135 1219 240 DJFFERENTm-Dmmmfmr.
1321 190 1415 231 137

141 297 286 328 neum.
382 284 496 327 Illud
520 284 697 340 quidem
725 284 770 325 in
797 283 994 338 generali
1018 283 1233 339 exemplo
1263 283 1415 325 locum

141 353 332 393 obtinuit
354 367 366 403 ·‚
410 351 481 392 sed
501 363 557 391 ex
578 349 651 390 illa
682 350 948 403 operatione
970 349 1093 390 fimul
1121 350 1416 404 intelligitur,

136 418 395 474 quomod07
425 415 454 456 fi
475 414 766 456 differentiale
785 415 986 455 constans
1007 414 1056 455 sit
1077 415 1371 470 qualecunque
1400 443 1413 467 ‚

139 484 422 537 aequationes
443 480 619 521 tractari
640 488 866 532 oporteat.
905 479 1130 521 Aliterres
1152 481 1192 520 se
1215 481 1347 521 habet
1368 482 1414 521 in

140 548 304 589 duobus
342 546 516 600 reliquis
561 544 790 598 generibus
828 544 979 597 primo
1044 554 1087 584 et
1127 548 1267 586 tertio
1309 562 1321 597 ·‚
1359 545 1418 586 ibi

141 614 260 653 enim
289 610 454 651 necesse
482 610 563 661 est,
605 619 651 650 vt
684 607 933 650 alterutrius
960 609 1177 649 variabilis
1206 611 1415 651 differen-

98 671 105 687 “’
140 678 243 717 tiale
263 676 460 717 constans
481 675 531 715 fit
551 673 760 728 positum.
824 674 875 715 Id
896 673 1021 714 finon
1040 673 1169 715 fuerit
1192 675 1416 715 methodo

140 730 340 795 expositu
360 741 558 782 reduetio
581 752 672 779 non
700 739 904 778 succedit.
950 740 1030 780 Hic
1049 752 1162 780 vero
1192 741 1235 779 in
1258 739 1416 781 casibus

135 807 334 848 constans
355 805 483 845 debet
498 804 723 845 immutari
743 832 755 854 ⁷
777 813 821 843 et
841 804 1045 856 aequatio
1060 804 1103 843 in
1124 804 1253 845 aliam
1274 815 1416 844 trans-

138 871 354 921 formari,
400 870 444 910 in
474 869 554 923 quai
595 869 844 909 alterutrius
869 868 1089 910 variabilis
1120 869 1417 911 differenti-ale

134 937 184 978 fit
220 935 430 977 constans.

254 1015 330 1052 23.
425 997 666 1040 Methodus
696 997 739 1037 in
765 995 845 1038 hac
876 995 1182 1038 differtatione
1212 997 1416 1051 exposita

134 1066 416 1118 aequationes
446 1062 762 1105 differentiales
787 1062 961 1104 secundi
989 1064 1144 1115 gradus
1175 1063 1228 1104 ad
1247 1062 1414 1116 fimpli-

131 1125 244 1170 citer
264 1128 576 1171 differentiales
597 1129 835 1170 reducendi
857 1128 1049 1169 consistit
1077 1129 1121 1169 in
1140 1129 1303 1169 idonea
1324 1127 1415 1168 sub-

132 1194 360 1235 stitutione
380 1195 673 1249 quantitatum
696 1193 1082 1247 exponentialium
1108 1207 1192 1248 pro
1216 1193 1416 1234 indeter-

134 1259 323 1299 minatis.
393 1260 456 1300 Ea
475 1271 587 1298 vero
615 1258 753 1299 adhuc
774 1258 899 1298 latius
920 1268 1043 1312 patet
1065 1286 1076 1309 ‚
1114 1272 1243 1313 quam
1265 1258 1335 1298 hic
1356 1258 1415 1300 est

136 1322 403 1373 expositum.
470 1322 645 1361 Possunt
678 1323 764 1360 eius
792 1322 1011 1361 beneficio
1032 1322 1230 1363 infinitae
1258 1335 1413 1376 aequa—

136 1385 282 1425 tiones
303 1382 614 1424 differentiales
635 1383 758 1423 tertii
780 1384 947 1422 ordinis
969 1384 1021 1424 ad
1040 1385 1142 1425 alias
1166 1413 1177 1435 ‚
1202 1398 1309 1439 quae
1331 1386 1414 1428 sint

136 1457 308 1489 tantum
329 1448 499 1487 secundi
513 1447 677 1486 ordinis
695 1447 856 1486 reduci.
895 1449 953 1488 Et
974 1450 1246 1500 generaliter
1259 1462 1414 1504 aequa·

136 1513 282 1557 tiones
302 1509 614 1551 differentiales
633 1510 801 1550 ordinis
819 1522 855 1550 n.
925 1511 978 1550 ad
998 1512 1100 1551 alias
1119 1514 1385 1555 reducentur
1401 1543 1414 1567 ‚

132 1588 239 1630 quae
260 1574 340 1615 fint
369 1575 534 1615 ordinis
554 1583 728 1614 tantum
754 1587 867 1614 n-1.
935 1575 1269 1629 Aequationum
1299 1591 1412 1619 vero

131 1643 329 1694 cuiusque
353 1639 518 1680 ordinis
540 1638 921 1690 differenti-alium,
960 1653 1069 1694 quae
1088 1641 1166 1683 hac
1187 1643 1411 1685 methodo

134 1706 420 1758 reducuntur,
457 1717 630 1759 quoque
649 1704 743 1745 sunt
762 1705 846 1745 tria
866 1716 1030 1757 genera
1050 1707 1354 1750 constituenda
1401 1736 1415 1762 ,

136 1770 401 1824 eademque,
439 1782 546 1824 quae
574 1768 643 1810 hic
670 1769 762 1810 sunt
801 1770 1016 1823 exposita.
1085 1773 1155 1814 Ex
1182 1771 1246 1813 his
1278 1774 1412 1826 igitur

137 1835 270 1876 etiam
288 1835 546 1888 intelligitur
575 1863 586 1886 ‚
631 1844 842 1888 quantum
863 1834 1114 1877 huiusmodi
1144 1836 1407 1879 substitutio-

135 1912 210 1939 nes
246 1901 289 1940 in
321 1900 644 1956 aequationibus
684 1899 1043 1942 differentialibus
1083 1902 1217 1956 primi
1255 1903 1411 1956 gradus

136 1965 365 2007 tradandis
414 1966 532 2007 vsum
560 1964 720 2005 habere
742 1964 919 2020 poffint.
991 1965 1077 2009 Sed
1107 1968 1159 2010 de
1210 1966 1276 2010 his
1315 1981 1408 2010 non

137 2040 243 2082 opus
267 2031 323 2072 est
346 2030 466 2086 plura
487 2043 733 2085 exponere.

131 2215 248 2261 Tom.
269 2223 348 2265 ΙΙΙ.
787 2222 815 2268 S
