2013 2719
391 187 678 253 EIVSQVE
718 187 952 236 VSIBVS-
979 187 1282 253 ALIQVOT.
1429 203 1490 246 45

216 301 498 346 summatrice
518 299 642 354 supra
660 294 718 351 (§.
744 302 840 352 19.)
861 300 960 341 data
983 328 994 352 ‚
1037 300 1227 354 emergit
1248 300 1349 341 inde
1376 298 1493 340 sum-

217 368 385 410 matrix
411 367 624 408 cuborum
646 365 849 419 quaesita.
917 367 1016 408 Hoc
1049 365 1284 420 problema
1305 362 1497 407 difficul-

218 441 359 473 tatem
389 431 584 486 alioquin
611 429 771 470 habere
794 429 940 481 solet,
982 430 1052 471 hic
1073 443 1185 472 vero
1213 431 1302 472 eius
1330 429 1497 472 solutio

215 497 360 539 breuis
383 497 442 538 est
463 506 506 537 et
530 493 677 536 facilis.

340 575 414 602 22.
487 559 530 602 Si
566 571 634 601 res
672 559 786 599 tanti
824 556 971 610 foret,
1012 559 1184 613 possem
1222 560 1293 601 hic
1320 572 1497 615 quoque

221 626 405 668 modum
441 624 665 679 explicare
697 623 943 665 summandi
973 624 1083 678 ipsas
1104 623 1371 666 summarum
1393 638 1497 679 qua-

218 703 484 744 rumcunque
508 689 706 730 summas.
812 689 897 733 Cui
924 689 1092 744 volupe
1123 689 1182 730 est
1201 702 1298 731 rem
1321 690 1501 744 penitus

221 755 439 809 inquirere
489 783 500 806 7
543 756 576 795 is
606 754 806 794 inueniet
835 755 879 794 in
912 764 1015 796 ante
1046 755 1168 798 dictis
1195 767 1305 810 quae
1333 754 1415 797 huc
1435 754 1498 796 sa-

220 829 351 862 “um
634 877 924 939 CAPVT
996 880 1085 939 111.

220 977 311 1041 De
352 978 408 1043 V
408 981 548 1044 sibus
580 980 845 1043 nonnullis
881 981 1159 1063 fhriernm
1206 980 1502 1046 collectim-

782 1089 928 1130 rznn.

226 1174 426 1304 ²3·SI
462 1194 768 1250 Aequatioues
804 1192 1095 1248 Algebraicae
1134 1193 1400 1235 contineant
1429 1205 1500 1234 ra-

443 1261 560 1301 dices
598 1260 784 1314 integris
814 1260 1007 1301 numeris
1038 1259 1236 1315 aequales
1258 1287 1270 1311 ‚
1324 1271 1413 1314 ope
1434 1258 1498 1299 se-

224 1323 394 1364 tier-um
415 1323 748 1362 conectiuarum
776 1335 846 1360 eas
884 1324 1096 1374 detegere
1126 1325 1246 1365 licet.
1323 1323 1369 1366 Si
1386 1336 1501 1364 vero

221 1384 390 1427 radices
408 1383 569 1424 fuerint
591 1381 763 1422 numeri
784 1383 1065 1423 irrationales
1104 1410 1116 1434 ‚
1164 1386 1331 1425 limites
1350 1398 1502 1427 earum

222 1448 396 1489 vnitate
417 1446 672 1486 differentes
693 1443 890 1496 affignari
908 1447 1114 1498 poss'unt,
1155 1448 1285 1502 idque
1303 1448 1502 1504 sequenti

222 1512 391 1552 modo:

346 1589 422 1628 24.
491 1571 649 1614 Omnis
669 1571 893 1626 Aequatio
911 1570 1174 1627 Algebraica
1204 1573 1273 1616 sub
1300 1574 1381 1616 hac
1400 1578 1501 1618 vni*

221 1639 379 1681 ver-sali
408 1636 808 1691 comprehenditur
836 1635 1027 1678 formula
1057 1665 1069 1689 ,
1125 1641 1501 1695 .r⁷'²—†—p.t⁷'²-·¹-f-

225 1702 850 1761 qu‘2-4-1·xm-³-}-...:A.
927 1702 1068 1756 Igitur
1094 1706 1370 1758 aequationis
1397 1719 1497 1760 pars

224 1768 383 1811 sinistra
402 1768 488 1809 siue
507 1768 736 1821 incognita
759 1767 820 1807 nil
840 1766 954 1808 aliud
973 1768 1030 1809 est
1042 1781 1169 1823 quam
1189 1771 1405 1811 terminus
1418 1784 1496 1825 ge-

225 1834 381 1875 neralis
400 1833 526 1875 seriei
547 1832 723 1873 alicuius
743 1832 1029 1884 cosseffluae,
1071 1834 1190 1887 quod
1220 1844 1346 1888 patet
1378 1848 1433 1877 ex
1457 1832 1496 1879 §0

230 1913 302 1940 11.
370 1900 468 1942 Pars
488 1898 813 1951 consequenter
851 1898 1009 1939 dextra
1037 1897 1122 1938 fiue
1148 1900 1330 1953 cognita
1377 1901 1496 1954 (quia

224 1965 366 2018 priori
394 1962 581 2018 aequalis
606 1962 684 2013 est)
712 1962 770 2003 est
799 1963 1011 2004 terminus
1039 1962 1190 2018 aliquis
1216 1965 1497 2018 particularis

221 2028 348 2069 seriei
366 2027 499 2079 illius,
540 2026 658 2083 quisi
680 2028 830 2069 exaae
850 2028 1099 2069 inueniatur
1123 2029 1166 2068 in
1193 2028 1303 2070 serie
1333 2030 1494 2070 descri-

225 2103 299 2146 pta
345 2121 356 2143 ,
397 2094 547 2136 exaesa
567 2091 691 2133 fimul
721 2092 847 2133 datur
869 2093 955 2135 eius
982 2094 1143 2145 radix3
1178 2091 1209 2133 fi
1228 2106 1342 2135 vero
1363 2104 1495 2150 quam

225 2158 433 2210 proxime
459 2158 708 2201 inueniatur
727 2185 740 2210 ‚
783 2167 827 2197 et
853 2157 940 2211 ipsa
959 2158 1084 2203 radix
1110 2156 1208 2200 talis
1237 2160 1335 2203 erit„
1407 2159 1491 2201 So-

810 2222 842 2264 F
881 2237 906 2275 3
1102 2257 1107 2265 ,
1376 2223 1490 2265 lutio
