2013 2719
253 175 296 224 A
332 170 597 222 POTENT.
640 166 995 233 VTCVNQVE
1032 165 1344 215 APPLICAT.
1396 178 1458 226 63

191 284 274 326 hae
293 283 527 339 potentiae
547 281 678 337 poffit
705 290 933 322 curuatura
959 280 1022 322 fili
1043 280 1217 335 semper
1245 280 1473 335 aequatio-

194 363 248 391 ne
269 348 553 390 differentiali
574 348 761 390 secundi
785 347 951 387 ordinis
970 347 1143 388 definiri
1165 373 1176 397 ,
1217 357 1324 399 quae
1346 344 1473 398 saepe

194 415 246 455 ad
268 414 526 468 simpliciter
545 410 896 453 differentialem
916 412 954 451 se
975 411 1128 451 reduci
1155 411 1323 464 patitur
1361 422 1369 447 ε
1404 411 1474 452 lta

192 479 442 528 catenati-a,
479 476 660 527 velaria,
688 475 916 525 linteam,
959 475 1130 516 elastica
1157 475 1352 530 aliaeque
1373 487 1470 515 cur-

192 556 274 584 vae
305 542 412 583 olim
441 555 463 582 a
491 541 665 581 summis
685 540 951 584 Geometris
972 539 1146 580 fuerunt
1170 550 1334 580 erutae.
1406 541 1469 582 At

191 608 223 649 si
244 609 285 647 in
306 616 571 660 vnoquoque
588 603 832 659 filipundto
853 603 1000 657 plures
1021 603 1212 644 diuersae
1233 605 1471 658 potentiae

193 671 262 713 sub
280 672 408 713 variis
427 670 738 712 direffionibus
768 668 1015 722 applicatae
1045 667 1126 709 sint
1165 696 1176 719 ,
1219 668 1368 709 deficit
1400 667 1474 708 illa

192 735 473 777 vniformitas
495 762 506 785 ‚
549 747 688 788 neque
711 734 842 775 aliter
860 747 988 787 quam
1008 733 1321 787 quantitatibus
1344 733 1470 773 diffe-

194 800 444 841 rentialibus
466 801 591 839 tertii
613 800 780 840 ordinis
799 811 956 838 curuae
969 798 1301 855 proprietatem
1323 798 1470 838 deter-

195 866 362 906 minare
399 863 635 917 possumus,
667 863 695 903 fi
722 860 765 901 iu
795 862 1069 915 generalibus
1094 861 1353 904 subsistamus
1376 876 1384 901 ε
1407 864 1470 903 Vt

194 928 431 970 methodus
451 939 548 967 mea
571 955 580 977 ,
623 940 730 982 quae
753 927 932 980 quidem
951 940 1035 980 pro
1058 926 1148 967 hoc
1172 937 1362 980 negotio
1390 939 1467 980 ge-

194 992 350 1033 neralis
369 993 451 1042 est,
495 1004 550 1032 eo
570 991 723 1033 clarius
743 991 1057 1045 perspiciatur,
1099 990 1264 1044 fingam
1286 991 1330 1031 in
1353 1004 1468 1032 vno-

190 1070 361 1112 quoque
381 1056 444 1098 fili
472 1059 636 1110 punaesto
660 1058 760 1097 duas
788 1055 940 1096 saltem
972 1056 1200 1110 potentias
1228 1055 1470 1110 applicari3

191 1121 375 1163 alteram
396 1123 448 1163 ad
480 1135 656 1162 curu-am
689 1121 1104 1176 perpendicularem
1126 1149 1138 1172 ,
1181 1119 1368 1162 alteram
1391 1121 1466 1161 da·-

189 1195 283 1227 tum
296 1187 572 1228 constantem
595 1187 800 1239 angulum
821 1199 920 1226 cum
943 1199 1025 1228 axe
1047 1185 1341 1235 formantem,
1357 1198 1467 1239 quae

191 1260 342 1292 tamen
365 1251 438 1293 lex
460 1253 519 1291 ita
539 1251 627 1291 late
649 1252 688 1292 se
711 1251 914 1292 extendit
938 1280 947 1302 7
972 1262 1020 1293 vt
1042 1263 1198 1292 omnes
1220 1263 1370 1291 curuas
1390 1250 1469 1291 ha-

194 1314 339 1352 &enus
359 1327 381 1352 a
397 1315 658 1356 Geometris
678 1315 756 1353 hac
781 1315 823 1352 in
846 1327 891 1352 re
919 1315 1214 1355 consideratas
1244 1343 1254 1365 ‚
1295 1325 1345 1355 vt
1366 1316 1464 1368 spe-

194 1374 414 1414 cialiffima
434 1372 639 1426 exempla
661 1374 730 1414 sub
753 1374 791 1413 se
812 1376 1181 1428 comprehendat.
1259 1377 1463 1417 Postmo-

194 1438 296 1478 dum
334 1437 664 1489 problematum
704 1437 980 1489 quorundam
1012 1439 1119 1478 mihi
1140 1440 1290 1492 primo
1321 1441 1463 1483 consi-

193 1501 450 1541 deratorum
469 1499 739 1539 solutionem
760 1499 1001 1540 ostendam.

310 1644 349 1669 2.
420 1626 589 1669 Lemma
617 1644 654 1669 1.
716 1629 780 1671 Sit
799 1629 919 1671 filum
949 1629 1039 1684 (fig.
1073 1635 1133 1683 1.)
1170 1631 1337 1676 ABCD
1367 1633 1458 1676 affi-

189 1705 295 1733 xum
318 1695 484 1746 puiidtis
504 1695 544 1736 A
567 1704 609 1733 et
626 1694 668 1735 D
685 1695 948 1749 diuisamque
966 1697 1006 1735 in
1028 1707 1116 1736 tres
1136 1707 1283 1750 partes
1304 1711 1458 1752 :lequa—

190 1755 251 1797 les
271 1758 365 1808 AB,
405 1759 500 1808 BC,
540 1757 634 1801 CD.
704 1759 1018 1814 Intelligantur
1040 1762 1082 1800 in
1103 1763 1271 1814 punt‘tis
1296 1763 1331 1804 B
1353 1773 1397 1804 et
1420 1764 1456 1807 C

189 1822 435 1874 applicatae
458 1825 692 1876 potentiae
725 1825 798 1867 ΒΚ
828 1836 870 1866 et
900 1825 960 1868 CI
990 1838 1168 1879 quarum
1192 1826 1458 1870 directiones

189 1885 378 1927 bisecent
409 1887 646 1942 aequaliter
675 1889 857 1942 angulos
879 1890 997 1932 ΑΒΕ
1020 1900 1064 1930 et
1080 1890 1284 1933 ECDzvt
1307 1901 1351 1932 et
1372 1905 1456 1946 po-

188 1952 357 1991 tentiae
385 1952 459 1994 BH
498 1963 541 1993 et
581 1953 654 1995 CL
683 1981 694 2004 7
736 1967 915 2008 quarum
939 1955 1203 1997 directiones
1222 1955 1315 1996 sunt
1338 1958 1456 1998 inter

187 2013 227 2054 se
248 2016 480 2068 parallelae
500 2046 511 2068 ‚
554 2019 635 2058 erit
659 2020 880 2072 produefis
900 2018 1024 2059 lineis
1056 2019 1324 2075 demiffisque
1352 2035 1454 2076 per—

190 2080 535 2131 pendicularibus
571 2095 670 2136 quas
698 2084 834 2137 figura
863 2083 1050 2124 ostendit
1073 2094 1201 2139 atque
1225 2084 1456 2138 designatis

191 2147 404 2200 potentiis
422 2147 521 2199 ΒΚ,
564 2148 649 2198 CI,
690 2149 767 2191 BH
797 2159 838 2189 et
863 2149 937 2191 CL
956 2162 1036 2203 per
1061 2151 1119 2201 Α,
1158 2150 1212 2201 Β,
1255 2151 1291 2194 C
1313 2161 1357 2192 et
1386 2150 1449 2202 D,

1364 2226 1450 2258 eirt
