2013 2719
464 159 753 207 PLANTAS
789 156 1106 206 INGRICAS.
1355 175 1413 217 27
1425 179 1449 219 3

286 272 338 315 In
369 273 533 314 truncis
551 270 758 312 arborum
772 268 972 324 frequens
986 269 1121 311 Musei
1141 267 1454 324 paruielegans

169 340 358 394 species,
401 350 456 377 ex
475 350 554 390 qua
578 349 741 377 nouum
762 348 897 389 genus
916 334 1176 375 Vaillantius
1198 336 1239 376 in
1251 336 1355 378 Bot.
1376 336 1453 378 Pa-

171 405 235 445 ris.
259 403 325 444 sub
349 402 529 442 nomine
550 397 803 454 Affuscoides,
847 410 891 440 et
917 401 1004 440 iam
1026 410 1129 441 ante
1152 400 1288 454 ipsum
1309 400 1454 443 Dille-

173 471 266 510 nius
288 468 384 510 Cat.
407 465 536 509 Gieff.
560 466 627 506 sub
652 465 834 505 nomine
857 459 1271 520 Mnionpermgustis
1290 473 1331 505 et
1359 464 1452 506 hrc-

171 529 413 585 vibussolils
435 558 445 581 ,
491 530 810 571 constituerunt
832 557 843 579 ‚
883 527 1101 581 descripta
1124 528 1209 569 iam
1231 542 1252 568 a
1272 530 1386 573 Raio
1410 531 1454 571 in

175 597 276 650 Syn.
298 605 481 636 vocatur
502 594 666 635 Muscus
685 603 924 635 coronatus
946 592 1153 633 minimus
1184 620 1195 643 ‚
1236 592 1400 635 foliolis
1439 621 1452 646 ,

173 660 373 716 capitulis
392 669 435 700 et
458 658 666 713 pediculis
688 658 879 699 minimis
899 658 1051 699 ereffis
1072 657 1224 699 Moris.
1245 658 1349 700 Hist.
1389 659 1451 700 O-

172 739 281 768 xon.
301 724 371 765 vbi
392 723 528 776 figura
547 724 617 765 sed
636 724 774 765 minus
793 723 923 774 bona,
962 721 1062 762 hinc
1083 721 1321 764 meliorem
1348 723 1453 765 dare

174 789 349 846 placuit.
390 789 477 828 vid.
501 789 588 841 Fig.
610 803 648 828 2.

288 851 488 895 Lichenis
509 864 622 891 noua
642 851 806 904 species
828 850 981 890 crescit
1011 850 1054 889 in
1083 850 1247 891 truncis
1278 850 1452 906 sal-icum

172 919 285 960 circa
304 917 464 957 riuulos
485 925 528 956 et
550 914 721 964 fontes,
762 914 990 968 splendide
1021 915 1206 966 nigricat
1237 926 1281 956 et
1308 916 1454 956 confi-

170 982 320 1024 stentia
342 981 393 1020 ad
411 979 625 1021 Lichenes
644 979 915 1032 gelatinosos
934 979 1101 1019 accedit
1139 1008 1149 1031 ‚
1196 980 1454 1022 exhibemus

169 1045 236 1085 hic
260 1044 379 1085 huius
410 1044 594 1097 figuram
636 1055 680 1086 et
701 1042 914 1085 Lichenem
948 1042 1168 1084 arboreum
1197 1043 1451 1086 membrana-

165 1121 298 1160 ceum,
339 1110 608 1162 nigricantem
628 1109 914 1163 appellamus.
934 1109 1020 1149 vid.
1044 1109 1133 1162 Fig.
1151 1124 1193 1161 3.

283 1174 512 1214 Postremo
543 1176 717 1215 mentio
747 1173 942 1214 facienda
971 1173 1028 1215 est
1063 1172 1240 1226 plantae
1266 1173 1450 1216 Liuoni-

169 1249 243 1276 cae
266 1263 275 1284 ‚
296 1234 403 1289 quae
438 1238 571 1290 Alyffi
605 1238 767 1290 species
805 1249 848 1278 et
876 1237 1030 1290 Alyffo
1061 1238 1173 1278 folio
1194 1239 1452 1281 Veronicae

166 1298 478 1339 Tonrnefortii
498 1301 732 1350 simillima,
752 1302 968 1340 sedflores
981 1301 1064 1340 fert
1084 1302 1242 1342 luteos.
1320 1304 1451 1359 Quod

170 1376 267 1404 cum
322 1363 573 1404 constanter
624 1363 780 1414 faciat,
816 1364 984 1404 merito
1035 1377 1119 1417 pro
1165 1377 1278 1406 noua
1316 1365 1449 1407 habe-

171 1437 241 1468 tur
277 1427 433 1479 specie.
517 1429 720 1470 Occurrit
770 1429 882 1469 circa
917 1428 1189 1484 Wesenberg
1229 1441 1273 1472 et
1313 1430 1449 1473 floret

170 1491 308 1533 Maio.

776 2199 848 2241 Nn
891 2213 914 2238 2
1340 2198 1439 2239 OB-
