2013 2719
396 207 474 254 IN
480 205 525 253 V
523 206 615 252 EN
619 204 707 279 TI⁸⁴
718 196 979 251 HYDROS
984 200 1215 250 TATICI.
1361 220 1450 260 141

295 316 354 361 n.
420 316 470 360 In
492 316 644 358 medio
663 315 753 357 fere
771 314 953 357 filorum
972 311 1302 355 metallicorum
1321 324 1456 354 anne-

177 394 236 427 xa
252 382 303 425 fit
323 381 425 425 lanx
448 383 604 436 exigua
623 382 683 433 (b)
766 381 1034 435 Dependent
1053 388 1149 420 rete
1180 390 1278 419 cum
1299 379 1459 431 exigua

179 448 351 490 bilance
373 460 429 489 ex
446 446 609 488 brachii
629 446 848 499 longioris
874 445 980 485 loco
1001 444 1216 486 consueto
1248 471 1260 495 ‚
1299 453 1343 483 et
1363 443 1458 497 qui-

184 513 286 555 dem
307 512 555 566 dependeat
574 520 670 551 rete
689 511 758 552 seu
778 510 922 552 corbis
948 510 1124 563 longius
1160 520 1292 564 quam
1322 508 1461 549 altera

182 577 285 621 lanx
303 577 466 618 brachii
487 577 717 617 breuioris.

296 643 375 684 III.
444 642 577 685 Huius
594 640 759 682 brachii
778 640 995 682 breuioris
1017 637 1101 680 filis
1119 635 1369 693 applicetur
1391 645 1457 677 et·

179 708 267 748 iam
288 709 444 761 exigua
466 707 569 748 lanx
590 707 634 746 in
656 707 805 748 medio
827 705 1006 747 filorum
1026 702 1088 744 bb.

297 772 374 814 IV.
446 773 654 825 Vtrisque
708 771 731 812 b
773 781 816 812 et
854 769 903 811 hh
936 771 1228 823 imponantur
1264 764 1459 820 patellae

176 837 305 879 'valde
343 836 526 888 exiguae
557 837 664 876 duae
682 843 739 890 pp
769 837 966 877 eiusdem
996 833 1127 888 plane
1157 831 1369 887 ponderis
1388 831 1460 872 seu

178 902 416 956 grauitatis.

297 965 348 1005 V.
416 963 662 1017 Redigatur
680 962 784 1005 lanx
798 975 854 1004 ex
872 962 1068 1003 breuior-i
1085 960 1267 1001 brachio
1288 961 1456 1012 depen-

177 1030 279 1070 dens
298 1043 323 1083 q
344 1029 396 1070 ad
432 1028 737 1083 aequilibrium
764 1042 863 1070 cum
892 1028 1027 1071 corbe
1047 1026 1268 1080 longioris
1288 1023 1458 1065 brachii

172 1094 233 1145 (a)
252 1094 373 1135 iuxta
395 1094 516 1135 datas
534 1093 668 1148 leges.

293 1159 372 1200 VI.
442 1158 746 1213 Aequilibrata
765 1158 908 1199 corbis
929 1157 1200 1199 immittatur
1222 1155 1266 1195 in
1287 1154 1455 1195 vitrum

174 1235 317 1275 capax
335 1236 439 1277 aqua
459 1224 683 1277 repletum
706 1253 716 1275 ‚
755 1224 815 1263 ita
838 1234 884 1265 vt
907 1222 1011 1265 lanx
1031 1224 1074 1263 in
1096 1221 1246 1263 medio
1267 1219 1455 1260 haerens

169 1285 233 1336 (h)
254 1296 381 1327 extra
410 1300 562 1339 aquam
590 1297 765 1328 maneat
795 1297 838 1326 et
858 1287 998 1328 solum
1027 1287 1171 1327 corbis
1190 1289 1251 1337 (a)
1271 1285 1454 1324 immer-

173 1348 213 1389 sa
236 1348 298 1399 sit„
366 1351 423 1390 Et
444 1350 744 1403 aequilibrium
758 1362 836 1401 per
850 1362 1002 1402 aquam
1026 1350 1236 1390 sublatum
1255 1347 1453 1387 restitua-

174 1421 246 1453 tur
267 1440 279 1463 ‚
323 1413 564 1454 eximendo
604 1426 661 1454 ex
694 1413 818 1453 lance
855 1413 1040 1454 minoris
1071 1410 1238 1452 brachii
1277 1421 1453 1451 tantum

175 1476 617 1530 pondei·is,quantum
638 1477 690 1516 ad
712 1475 1013 1528 aequilibrium
1034 1476 1358 1517 restaurandum
1381 1489 1452 1515 re-

172 1541 383 1594 quiritur,
409 1539 543 1578 sedin
580 1539 702 1579 trabe
736 1538 865 1592 plane
894 1539 1002 1579 nihil
1032 1550 1241 1580 mutetur.
1317 1539 1374 1580 Et
1397 1539 1451 1581 fic

171 1616 278 1659 quae
301 1603 353 1644 ad
373 1602 588 1644 bilancem
609 1603 802 1657 spectant
824 1604 941 1645 reste
964 1616 1090 1645 erunt
1123 1604 1352 1644 adornata.

296 1683 313 1707 1
331 1682 368 1707 1.
434 1668 612 1710 Deinde
658 1670 775 1709 ratio
813 1681 946 1722 aquae
985 1671 1042 1710 est
1075 1667 1284 1710 habenda.
1356 1667 1449 1709 Ad·—

172 1732 292 1773 hibui
320 1745 470 1787 aquam
501 1734 737 1788 pluuialem
761 1762 772 1784 ,
814 1747 892 1788 per
928 1733 1127 1775 chartam
1162 1731 1353 1773 bibulam
1376 1731 1445 1772 fil-

172 1806 334 1836 tratam
356 1826 366 1849 ,
394 1799 488 1851 quia
511 1798 804 1840 animaduerti
835 1812 988 1853 aquam
1009 1797 1228 1840 fluuialem
1252 1796 1448 1838 eiusdem

173 1860 292 1901 fluuii
320 1862 489 1904 diuersis
511 1865 788 1918 temporibus
809 1862 1192 1905 diuersamhabere
1210 1861 1446 1903 consisten-

172 1926 303 1975 tiam,
347 1926 581 1980 pluuialem
622 1930 794 1982 semper
825 1925 915 1969 fere
944 1930 1147 1970 eandem.
1230 1926 1320 1969 Diu
1348 1926 1447 1966 satis

173 1991 357 2031 eandem
389 2005 539 2047 aquam
569 1994 803 2047 pluuialem
832 1994 1180 2036 fermentatione
1202 1994 1269 2034 seu
1293 2003 1444 2045 putre-

171 2052 359 2096 sartione
393 2059 664 2111 purificatam
689 2058 894 2100 :inhibere
916 2061 1072 2112 potui,
1114 2060 1253 2099 modo
1280 2057 1374 2111 post
1401 2060 1442 2095 8.

171 2120 243 2159 vel
267 2135 338 2161 10.
361 2122 449 2163 dies
473 2124 631 2165 iterum
654 2124 845 2165 filtretur
865 2138 990 2178 aqua,
1032 2137 1214 2177 eamque
1238 2120 1443 2174 praefero

171 2196 302 2239 equae
323 2187 612 2232 destillatione
633 2189 890 2245 purificatae
917 2219 928 2242 ,
965 2191 1063 2246 quia
1082 2191 1126 2232 in
1146 2187 1441 2232 destillatione

783 2255 810 2299 S
852 2269 876 2307 3
1358 2250 1440 2292 alia
