2013 2719
311 161 391 208 m
425 155 848 206 PVLMONIBVS
886 154 1279 203 MISCEATVR.
1370 175 1394 201 2
1404 174 1465 214 37

190 272 314 315 noris
350 262 560 312 exhibere
592 268 790 310 Manibus
819 261 1070 320 Merycmis,
1111 276 1159 308 vt
1196 278 1311 320 nqua
1337 277 1477 308 coram

190 335 402 380 societate
439 335 684 375 tentamina
704 334 863 374 fierent
889 361 901 384 ,
940 331 1162 374 methodo
1195 359 1206 383 ‚
1248 344 1375 386 quam
1395 332 1478 374 Vir

193 402 394 456 egregius
416 408 639 439 memorat
659 398 702 438 ll.
727 410 787 438 cc.
855 397 937 438 Illa
959 398 1001 437 in
1021 395 1219 451 sequenti
1240 405 1482 450 conuentu,

192 469 260 508 cui
280 478 358 520 per
379 464 583 505 morbum
606 461 811 503 interesse
833 460 942 501 mihi
964 472 1055 500 non
1086 462 1245 503 licebat
1289 490 1301 514 ,
1356 475 1378 503 a
1395 458 1477 504 Cel.

190 529 274 574 Dn.
298 527 372 570 Du
393 527 547 571 Vernoz·
567 527 696 577 faeta,
737 539 836 568 eum
859 525 1103 567 habuerunt
1124 525 1353 567 successum
1378 553 1389 578 ‚
1430 535 1480 568 vt

193 596 300 637 fides
320 593 494 648 quidem
515 592 811 633 obseruatoris
830 584 983 646 Meryi
1012 590 1055 631 in
1083 590 1201 631 saluo
1223 590 1478 639 ,collocare-

192 671 263 701 tur
290 687 301 711 ,
339 658 410 699 sed
429 657 481 697 de
499 657 616 698 causa
646 655 947 711 phaenomeni
977 656 1280 696 diuiderentur
1302 655 1479 696 senten-

193 726 313 774 tiae,
354 723 562 776 nouisque
591 731 634 762 et
664 722 870 777 repetitis
898 720 1214 761 tentaminibus
1243 722 1368 762 locus
1396 719 1475 761 fie-

193 800 276 832 ret.

311 849 433 893 XIV.
502 850 697 901 Accipe,
735 850 835 904 quid
858 849 966 890 mihi
987 849 1176 890 relatum
1200 848 1343 890 fuerit.

316 929 387 966 13.
456 913 656 954 Extrasti
679 914 772 955 sunt
796 926 818 953 e
857 913 1043 954 thorace
1084 912 1321 966 pulmones
1349 913 1479 955 cordi

191 979 326 1023 adhuc
347 979 535 1030 annexi,
573 978 794 1033 iidemque
816 979 980 1031 integri
1019 1005 1030 1028 ‚
1088 987 1132 1018 et
1154 978 1478 1032 experimento

187 1043 382 1083 maxime
420 1043 585 1083 idonei.
669 1044 850 1085 Inflatus
879 1045 922 1084 in
951 1041 1178 1084 tracheam
1202 1056 1276 1084 aer
1297 1055 1386 1096 ope
1409 1052 1477 1083 tu—

184 1106 287 1158 buli,
303 1116 346 1148 et
371 1108 648 1149 obseruatum
670 1109 961 1150 intumescere
979 1121 1141 1149 venam
1168 1107 1476 1161 pulmonalem

187 1174 313 1212 cordi
331 1173 614 1226 contiguam,
656 1174 759 1228 quin
778 1174 886 1228 ipsas
904 1174 1048 1214 cordi>
1067 1172 1276 1214 auriculas
1298 1182 1342 1214 et
1366 1185 1475 1213 ven-

185 1235 369 1275 triculos
389 1247 614 1290 Vtrosque.
716 1240 833 1279 Tum
861 1251 973 1279 vero
1005 1238 1112 1279 faeta
1129 1238 1172 1277 in
1192 1238 1315 1280 sacco
1335 1249 1476 1279 venae

187 1300 462 1352 pulmonaris
479 1300 690 1340 incisione
713 1302 865 1353 egredi
884 1303 995 1341 aeris
1016 1301 1237 1340 nonnihil.¹

309 1364 411 1405 XV.
479 1365 560 1406 Hic
577 1377 687 1406 vero
710 1366 846 1406 varias
870 1365 979 1404 oriri
1006 1364 1283 1417 suspiciones.
1334 1361 1466 1416 Mihi,

188 1427 339 1468 audito
360 1429 676 1481 experimento
699 1429 742 1468 in
763 1440 964 1469 mentem
985 1429 1108 1469 venit
1133 1454 1144 1477 ⁷
1186 1428 1346 1469 inflato
1375 1427 1473 1482 pul-

187 1502 324 1530 mone
344 1492 491 1544 vrgeri
512 1491 606 1532 vasa
632 1491 873 1544 sanguifera
906 1519 918 1542 ,
961 1501 1004 1531 et
1036 1491 1256 1545 liquorem
1282 1520 1292 1541 ,
1331 1491 1359 1532 ss
1382 1493 1475 1547 quis

186 1553 235 1595 fit
283 1582 294 1605 ‚
353 1565 424 1596 aut
452 1567 601 1595 aerem
622 1556 666 1595 in
688 1556 770 1597 illis
788 1557 1065 1609 stagnantem
1090 1557 1284 1610 exprimi
1303 1559 1470 1610 potius⁷

185 1630 312 1673 quam
332 1630 378 1660 vt
401 1632 536 1660 nouus
558 1632 636 1673 per
658 1620 1070 1661 tracheaminflatus
1087 1635 1109 1662 e
1128 1634 1241 1662 vena
1263 1622 1470 1675 prodeat.

183 1685 445 1737 Repetitum
485 1685 696 1738 postridie
726 1687 769 1727 in
800 1698 896 1726 mea
926 1687 1066 1726 domo
1105 1687 1469 1739 experimentum

183 1749 396 1801 potuiffet
418 1763 512 1791 eam
533 1750 828 1803 suspicionem
851 1750 1055 1791 refellere
1086 1780 1097 1804 ,
1136 1750 1209 1791 nisi
1239 1752 1376 1791 altera
1406 1753 1469 1792 ei-

185 1813 285 1854 dem
305 1814 626 1856 succenturiata
645 1814 766 1856 illam
779 1813 1078 1856 confirmasset
1103 1826 1145 1856 et
1162 1816 1209 1855 ab
1232 1828 1469 1868 argumen-

182 1888 232 1918 to
254 1880 483 1920 contrario
506 1878 776 1922 defendisset.
861 1879 980 1922 Dum
1014 1881 1130 1922 enim
1150 1881 1316 1933 saepius
1335 1893 1468 1934 repeu

186 1952 352 1985 teretur
374 1944 546 1986 inflatio
569 1945 792 1998 pulmonis
812 1958 890 1999 per
911 1944 1107 1986 tubulum
1137 1973 1148 1996 ‚
1190 1945 1365 1998 semper
1388 1945 1465 1986 ali«

187 2008 284 2058 quid
305 2010 413 2050 aeris
432 2022 511 2062 per
531 2009 789 2051 incisionem
812 2021 1109 2051 memoratam
1133 2010 1339 2063 prodibat
1364 2038 1374 2059 ‚
1415 2018 1465 2051 vt

188 2074 371 2114 omnino
395 2073 487 2127 plus
507 2075 615 2115 aeris
636 2076 816 2116 tandem
840 2075 1021 2126 exierit,
1060 2088 1186 2129 quam
1208 2075 1250 2114 in
1272 2075 1466 2132 cauitate

189 2145 324 2177 venae
345 2140 616 2193 pulmonaris
637 2140 833 2195 stagnare
854 2140 902 2182 ab
924 2141 1055 2182 initio
1080 2150 1306 2196 potuerat.
1379 2138 1464 2181 Sed

1384 2214 1461 2244 ve-
