2013 2719
544 196 631 236 [ιμ’.
990 178 1369 229 EXPLICATIO

535 288 726 330 aliavna
756 300 851 330 cum
876 300 978 342 aqua
1008 288 1241 330 ascendunt
1270 301 1313 331 et
1339 292 1382 335 in
1403 302 1473 332 vas
1493 295 1706 348 recipiens
1727 299 1801 340 de-

537 354 736 395 cendunt
768 354 1045 408 levioresque
1080 354 1323 395 moleculas
1370 366 1535 398 terreas
1568 360 1708 402 secum
1735 378 1802 404 ra-

537 420 676 471 piunt.
746 418 794 458 In
817 418 1054 472 putrefacta
1080 433 1184 460 vero
1207 420 1418 474 aquasalia
1440 422 1613 462 inauras
1632 426 1802 482 abeunt,

537 495 643 536 quae
667 482 855 523 odorem
878 496 1054 536 grauem
1076 486 1560 536 causautur‚molecul·.1e
1583 500 1689 529 vero
1712 503 1799 533 ter-

538 560 639 586 reae
663 548 804 588 exutis
827 548 1137 602 [lilibusffluibus
1160 549 1319 590 infixae
1340 562 1487 601 erant,
1530 552 1704 594 fundum
1725 571 1798 610 pe-

536 622 655 663 tunt,
696 622 738 652 et
760 612 814 652 fic
835 625 940 667 aqua
962 615 1117 667 purior
1135 615 1330 656 redditur
1357 628 1484 670 quam
1514 629 1592 670 per
1617 616 1799 663 destina-

534 689 724 720 tionem.

656 774 672 799 1
690 774 727 799 1.
796 761 995 801 Tandem
1021 761 1222 803 scrinium
1247 790 1256 812 ‚
1299 763 1340 804 in
1369 776 1456 817 quo
1487 765 1720 809 afferuntur
1741 769 1799 810 bi—

533 824 655 873 sanx,
696 825 755 864 ita
780 824 827 865 sit
852 826 1142 868 constructum
1189 856 1199 877 ,
1240 838 1287 868 vt
1309 829 1498 882 superius
1519 843 1615 871 cnm
1634 834 1802 875 laterali

535 899 797 941 tegumento
827 892 1024 931 amoueri
1066 890 1192 943 pollit
1231 919 1241 941 ‚
1283 893 1490 934 inferiore
1520 896 1714 937 tabulato
1750 905 1804 949 (c)

531 964 627 992 cum
661 953 920 994 fulcimento
950 955 1125 994 bilancis
1153 955 1214 1003 (d)
1242 957 1406 998 intac'to
1435 972 1675 1011 manente,
1716 976 1802 1016 quo

533 1027 589 1054 eo
618 1016 794 1056 liberius
824 1030 921 1056 cum
952 1018 1117 1058 bilance
1141 1031 1267 1071 atque
1291 1022 1409 1060 vitro
1433 1035 1536 1074 aqua
1557 1025 1736 1076 repleto
1759 1041 1802 1068 a-

531 1091 635 1131 gere
656 1080 785 1132 potiit
808 1081 1023 1122 scrutator
1046 1084 1360 1135 operationem
1384 1087 1583 1125 tractans.

662 1178 677 1202 1
694 1178 735 1214 3.
807 1164 855 1204 In
880 1165 1074 1206 tabulato
1095 1166 1172 1206 illo
1193 1166 1393 1207 inferiori
1422 1179 1600 1220 aptetur
1632 1170 1802 1209 orbicu-

532 1228 594 1269 (us
615 1230 668 1274 (e)
692 1229 732 1266 in
755 1241 841 1280 quo
864 1240 1054 1280 ponatur
1078 1232 1237 1270 vitrum
1259 1227 1462 1284 (s)‚quod
1484 1243 1571 1282 ope
1594 1232 1803 1272 cochleae

534 1294 599 1341 eg)
629 1301 672 1329 et
701 1292 861 1330 eleuari
892 1303 934 1330 et
965 1293 1141 1332 demitti
1164 1293 1320 1344 potest.
1391 1293 1567 1333 Vitrum
1597 1295 1713 1334 enim
1744 1297 1806 1337 ita

536 1353 590 1392 cll
632 1354 889 1405 replendum
921 1367 1024 1408 aqua
1054 1382 1064 1403 ‚
1106 1366 1151 1395 vt
1180 1355 1323 1396 corbis
1353 1368 1408 1397 ex
1434 1357 1515 1398 filis
1547 1359 1804 1401 orichalceis

531 1418 774 1459 nonstrudta
813 1420 998 1459 eundem
1024 1419 1318 1462 immersionis
1345 1420 1469 1462 situm
1504 1423 1675 1476 semper
1696 1426 1801 1465 reti-

534 1494 629 1521 ιιι-’.η
651 1511 660 1532 ,
702 1493 744 1521 ct
768 1495 844 1521 nec
866 1482 1121 1533 profundius
1143 1495 1280 1534 neque
1303 1484 1427 1524 altius
1445 1490 1637 1538 quam·in
1659 1489 1802 1539 prima

529 1545 896 1599 vequilibratione
918 1545 960 1583 in
983 1557 1133 1596 aquam
1155 1545 1435 1586 immittatur.
1476 1548 1527 1587 Id
1546 1551 1662 1599 quod
1683 1550 1725 1588 in
1756 1564 1799 1590 e-

530 1619 745 1662 qaporuta
768 1619 811 1648 et
834 1621 887 1648 ex
908 1621 961 1648 eo
984 1608 1214 1647 imminuta
1230 1610 1472 1661 quantitate
1492 1623 1644 1664 aquae,
1674 1613 1798 1653 vela-

530 1672 613 1713 llua
637 1685 749 1713 noua
770 1672 990 1723 adhibita,
1031 1672 1221 1712 obtineri
1242 1671 1326 1712 hoc
1348 1674 1487 1714 modo
1511 1677 1667 1727 potest.
1708 1677 1797 1718 Im-

533 1738 707 1776 minuto
730 1738 847 1777 cuim
870 1736 1097 1777 volumine
1121 1749 1249 1790 aquae
1276 1737 1429 1778 sursum
1458 1739 1712 1792 impellatur
1732 1742 1796 1781 vi-

531 1812 677 1850 trum,
714 1802 871 1853 largius
907 1800 1032 1841 affusa
1072 1813 1175 1854 aqua
1204 1802 1462 1843 demittatur
1490 1832 1499 1854 ,
1538 1818 1665 1858 vsquc
1697 1805 1797 1845 dum

530 1865 738 1906 indiculus
759 1866 883 1905 sstum
906 1866 1056 1906 iustum
1076 1864 1202 1906 fuerit
1227 1866 1419 1919 adeptus.

657 1943 726 1980 14.
797 1930 883 1969 Vbi
913 1929 1049 1970 adhuc
1069 1929 1153 1970 hoc
1177 1931 1440 1981 notandum,
1468 1933 1585 1985 quod
1607 1933 1701 1986 post
1715 1946 1793 1973 no-

535 2005 628 2032 vam
672 1993 930 2034 infusionem
970 2007 1101 2048 aquae
1140 2023 1150 2045 ,
1189 2007 1278 2034 non
1307 1995 1447 2036 statim
1469 1996 1645 2037 libratio
1670 2006 1795 2049 atque

532 2056 733 2096 demissio
754 2058 838 2107 Dti
876 2060 916 2097 in
938 2071 1089 2113 aquam
1109 2058 1373 2109 instituatur,
1406 2060 1475 2099 sed
1495 2073 1599 2113 aqua
1623 2058 1793 2114 perho-

526 2133 591 2160 ras
613 2121 684 2162 sex
707 2132 748 2161 et
774 2122 887 2162 vltra
929 2124 1064 2177 quieti
1099 2124 1429 2178 permittenda,
1472 2134 1518 2165 vt
1559 2122 1796 2177 particulae

1640 2200 1793 2229 aereae
