2013 2719
618 148 942 198 SCTTHICA.
1312 164 1406 205 341

137 269 228 324 pti,
268 266 338 322 qui
357 262 502 307 Asiam
528 271 808 315 peruagatus,
846 271 1051 312 magnam
1073 258 1265 300 nominis
1285 267 1412 300 etre-

136 347 230 374 rum
251 331 463 384 gestarum
485 327 642 369 samam
660 327 712 367 ad
732 326 1040 380 posteritatem
1059 323 1302 379 reliquerit,
1343 325 1413 364 in·

139 396 334 440 consulte
352 393 535 435 inficiari
555 403 635 431 nos
653 404 746 431 nou
762 390 973 441 delectat,
1017 402 1154 443 neque
1183 390 1294 431 adeo
1322 389 1414 442 pri-

138 465 212 506 scis
234 458 532 501 monumentis
554 455 805 510 obstrepere
826 455 968 495 decet.
1074 455 1275 495 Eusebius
1302 455 1416 495 totis

143 527 262 570 annis
292 523 538 579 quingentis
579 519 691 561 hunc
718 532 870 575 regem
900 519 1031 575 ponit
1051 529 1152 558 ante
1171 519 1413 572 Olympio·

143 594 212 633 das
230 589 381 644 Iphiti.
445 587 515 630 De
542 584 628 626 hoc
648 598 753 639 rege
773 583 1009 628 Cornelius
1027 583 1202 625 Tacitus
1221 588 1289 636 (6)
1312 584 1415 625 scri-

142 657 202 697 bit
226 683 237 706 ,
277 654 493 696 seniorem
513 651 790 692 sacerdotem
811 649 1087 703 Aegyptium
1108 649 1222 703 apud
1244 648 1418 690 Thebas

142 722 201 762 ita
221 718 491 763 Germanico
533 715 707 759 Caesari
742 713 1008 768 prodidisse:
1044 725 1131 753 cnm
1155 711 1418 768 septingentis

143 784 313 826 millibus
330 788 465 823 aetate
484 780 659 821 militari
676 775 874 833 Rhamsen
905 806 933 829 ,.
956 777 1110 830 Libya,
1147 777 1368 832 Aethiopia
1402 806 1420 831 ‚

144 845 364 904 Medisque
397 852 437 887 et
460 842 596 898 Perfis
615 850 654 883 et
670 842 894 884 Bacfi‘riano
932 855 980 883 nc
1007 841 1164 894 Scytha
1183 845 1361 897 potitum
1402 870 1415 894 ‚

144 925 323 970 quasque
355 918 494 953 terras
520 906 626 949 Suri
659 906 832 960 (Syrio)
863 904 1132 961 Armeniique
1159 913 1200 948 et
1237 908 1420 961 contigui

141 976 395 1030 Cappadoces
429 973 594 1023 colunt,
635 971 723 1013 inde
754 969 974 1024 Bithynum
1003 999 1014 1024 ,
1051 969 1142 1012 hinc
1167 970 1340 1024 Lycium
1368 971 1424 1012 ad

139 1051 252 1080 mare
269 1039 436 1094 imperio
454 1034 627 1095 tenuisse.
711 1037 970 1079 Herodotus
996 1045 1142 1078 autem
1162 1036 1224 1078 ita
1249 1037 1422 1090 accepit

139 1117 162 1145 a
185 1104 475 1145 sacerdotibus
494 1101 749 1158 Aegyptiis,
766 1114 863 1142 cum
882 1101 1030 1156 quibus
1047 1101 1237 1143 versatus
1258 1103 1330 1152 est,
1353 1105 1423 1153 (7)

143 1168 353 1210 Sesostrin
381 1169 573 1222 primum
594 1166 782 1209 classibus
804 1166 954 1208 obiisse
973 1179 1095 1207 mare
1122 1166 1423 1220 Erythraeum

143 1242 186 1272 et
209 1233 400 1286 populos
419 1232 619 1287 subegisse
640 1259 652 1283 ,
693 1241 788 1272 tum
809 1231 998 1285 pedestri
1038 1232 1334 1284 expeditione
1358 1230 1427 1271 su-

142 1297 289 1350 scepta
307 1296 452 1338 Asiam
472 1295 722 1346 debellasse,
751 1295 852 1335 inde
870 1295 958 1334 iam
979 1294 1022 1333 in
1042 1295 1270 1348 Europam
1281 1306 1426 1336 trans-

143 1361 329 1414 gressum
360 1359 532 1414 Scythis
558 1358 1105 1409 etT1n·acibussubadtis‚ad
1123 1359 1270 1400 Phasin
1289 1371 1425 1414 vsque

143 1425 388 1480 penetrasse
434 1437 442 1462 τ
482 1424 706 1465 obscuram
734 1423 945 1476 deinceps
962 1435 1109 1464 rerum
1129 1423 1289 1465 famam
1310 1424 1392 1466 esse
1416 1453 1429 1477 ,

143 1490 218 1532 nisi
238 1490 354 1544 quod
378 1488 575 1532 Colchos
593 1488 811 1540 Aegyptii
842 1499 898 1528 ex
926 1487 1038 1529 illius
1066 1490 1264 1530 exercitu
1292 1490 1342 1530 iis
1378 1490 1426 1530 iu

146 1555 396 1609 regionibus
419 1552 656 1594 consedisse
675 1551 886 1593 ferebant.
954 1553 1200 1595 Enimuero
1224 1566 1341 1608 nego
1370 1566 1426 1596 ex

148 1633 204 1661 eo
221 1620 360 1674 sequi,
396 1617 577 1672 Scythas
597 1616 687 1659 illic
714 1618 835 1658 iuxta
862 1617 1053 1659 Thracas
1083 1618 1282 1661 Sesostris
1310 1630 1426 1660 tem·

150 1684 327 1739 poribus
347 1693 390 1724 et
406 1683 455 1724 ab
478 1684 602 1724 omni
621 1695 732 1723 aeuo
751 1681 945 1723 coluisse.
1032 1684 1145 1726 Cum
1167 1683 1425 1725 hieroman·

150 1760 219 1791 tae
241 1747 418 1801 Scythas
437 1759 480 1790 et
497 1747 686 1789 Thracas
706 1760 762 1788 ex
785 1746 979 1790 obelisco
1004 1748 1291 1802 interpretati
1310 1749 1423 1799 sunt,

152 1827 243 1855 non
266 1812 337 1854 illa
355 1814 535 1854 nomina
554 1813 598 1854 in
618 1813 722 1855 saxo
746 1812 1092 1867 hieroglyphico
1116 1824 1266 1864 eraut,
1284 1814 1354 1854 sed
1376 1814 1428 1854 ab

149 1877 459 1932 interpretibus
494 1890 643 1919 earum
674 1878 857 1919 nomina
885 1879 1085 1931 gentium
1105 1878 1426 1932 prodebantur,

152 1957 258 1999 quae
288 1952 382 1985 tum
408 1942 473 1985 his
498 1942 610 1985 locis
637 1943 822 1998 agebant
840 1971 854 1997 ‚
890 1944 934 1985 in
952 1943 1100 1999 quibus
1121 1943 1330 1986 Sesostrin
1353 1953 1428 1984 tot

1306 2009 1429 2051 secu·—

232 2169 281 2211 (6)
303 2171 461 2204 Annalium
472 2174 491 2206 1.
509 2175 548 2208 11,
562 2183 591 2208 c,
619 2174 674 2207 60.
705 2173 749 2214 (7)
771 2174 792 2207 I.
807 2176 846 2208 11.
860 2184 885 2206 c,
901 2182 959 2207 102
979 2174 1043 2216 seq.
