2013 2719
385 197 472 244 ET
504 191 739 243 EORVM
772 190 1277 239 EMENDATIONE.
1408 209 1466 236 20
1477 206 1497 247 ς

218 306 426 361 sphaerae
450 316 493 346 et
518 304 660 344 lineae
680 301 748 357 fg·,
785 316 889 358 quae
912 302 1085 343 subinde
1114 302 1258 342 maior
1284 311 1328 342 et
1359 303 1504 343 maior

222 372 306 412 effe
328 371 473 425 potest
493 369 685 422 respectu
705 367 801 419 FG,
843 379 976 421 prout
991 368 1131 408 radius
1151 367 1250 415 CE,
1293 379 1336 406 ce
1355 367 1500 408 maior

223 438 279 478 est
299 437 475 477 ratione
497 434 596 482 CB,
635 431 695 472 cl).

343 515 365 552 3
380 511 418 550 5.
490 496 733 554 Quomodo
754 495 852 536 fieri
871 496 967 537 talis
981 494 1180 535 machina
1200 493 1330 547 possit
1349 522 1358 544 ,
1399 493 1502 535 faci-

218 563 259 603 le
278 565 409 605 cuiuis
453 561 679 602 succurrat.
768 560 912 602 Potest
948 558 1118 600 tabulae
1146 558 1348 599 verticali
1378 557 1501 599 hori-

217 628 429 678 zontalis,
470 628 537 666 cui
551 626 672 667 tubus
692 624 941 673 incumbat,
983 623 1036 663 fic
1057 623 1197 676 iungi,
1236 631 1284 662 vt
1306 621 1410 662 haec
1424 636 1500 663 ro-

218 694 303 733 tari
323 693 436 733 circa
456 703 584 732 axem
612 699 756 744 queat.
824 689 970 729 Potest
990 688 1097 728 scala
1134 686 1348 740 pollicum
1377 697 1420 725 et
1447 687 1500 727 li-

219 770 400 798 nearum
422 756 561 808 probe
585 754 712 795 diuisa
733 762 775 793 et
807 753 979 793 mobilis
1008 751 1221 805 applicari
1277 750 1500 794 altitudini

219 821 316 870 FG,
356 816 482 874 velsg
503 820 739 871 cuicunque
762 818 805 857 in
828 816 969 856 tabula
994 815 1197 876 verticali
1224 825 1400 856 notata:
1428 816 1501 857 vel

218 886 386 925 circino
416 884 515 937 capi
541 881 757 931 altitudo,
791 891 834 921 et
864 881 916 922 ad
936 881 1092 923 scalam
1121 880 1368 922 examinari
1413 877 1496 921 im-

217 950 446 991 mobilem.

336 1018 413 1064 36.
484 1011 671 1065 Vtrique
727 1010 915 1063 negotio
939 1008 1094 1049 seruiet
1152 1008 1303 1049 diuifio
1325 1007 1498 1050 tabulae

213 1077 433 1117 verticalis
452 1075 678 1130 pei-lineas
699 1073 1079 1126 horizontales,et
1100 1074 1290 1114 numeris
1303 1072 1496 1124 defigun-

215 1151 301 1190 tas,
341 1151 389 1182 vt
410 1140 651 1193 intelligas,
695 1153 824 1194 quam
864 1152 1014 1180 earum
1043 1139 1233 1190 attingat
1284 1139 1495 1190 pundtum

212 1206 271 1253 E,
291 1208 350 1254 'e,
375 1217 417 1246 et
441 1207 492 1245 ad
512 1218 640 1258 quam
668 1206 896 1257 pertingat
919 1205 1127 1257 punCtum
1146 1203 1205 1252 B,
1231 1202 1272 1243 b:
1291 1204 1353 1242 ita
1375 1204 1494 1242 enim

216 1266 304 1307 fine
326 1269 521 1308 mensura
542 1278 612 1307 aut
631 1269 799 1308 calculo
820 1262 1049 1308 habebitur
1070 1267 1269 1308 distantia
1307 1265 1380 1308 FG
1398 1293 1407 1315 ,
1425 1263 1494 1320 fg.

341 1341 416 1380 37.
491 1330 533 1370 Si
550 1330 658 1370 velis
679 1343 735 1369 ex
753 1331 912 1381 angulo
935 1343 1028 1368 rem
1059 1330 1304 1381 designare:
1349 1330 1495 1369 Potest

219 1405 275 1433 ex
294 1393 392 1434 data
418 1394 645 1434 radiorum
674 1393 772 1442 CB,
811 1403 855 1433 et
877 1392 952 1435 CE
978 1391 1250 1441 differentia,
1298 1392 1493 1446 datoque

218 1456 480 1497 elevationis
515 1457 675 1508 angulo
705 1456 958 1508 computari
985 1456 1174 1496 altitudo
1203 1455 1302 1505 FG,
1329 1454 1407 1510 sg3
1447 1467 1491 1498 et

216 1520 259 1559 in
278 1521 477 1560 verticali
497 1520 638 1559 tabula
657 1519 711 1558 fic
733 1516 971 1570 designari,
1004 1529 1052 1558 vt
1076 1531 1097 1558 a
1121 1519 1225 1558 dato
1241 1520 1385 1572 aliquo
1399 1534 1492 1561 ma-

213 1582 368 1624 chinae
387 1584 548 1636 puncto
568 1582 740 1623 numeri
762 1581 914 1634 quesiti
945 1582 1317 1624 demonstrentur.
1370 1585 1491 1642 Quae

217 1648 366 1688 omnia
386 1648 477 1688 sunt
497 1648 633 1700 longe
659 1645 876 1688 facillima.

337 1716 410 1763 38.
480 1711 621 1752 Poffet
649 1713 784 1752 etiam
814 1712 1005 1765 deprimi
1023 1711 1132 1753 infra
1162 1711 1326 1753 lineam
1363 1711 1488 1754 hori-

215 1775 440 1816 zontalem
461 1777 583 1817 tubus
602 1777 743 1826 CBA,
786 1774 814 1816 fi
834 1777 1006 1831 quando
1028 1777 1071 1816 id
1099 1775 1275 1829 frigoris
1305 1777 1486 1818 intensi-

216 1850 278 1879 tas
297 1841 554 1894 requireret:
595 1842 734 1882 modo
754 1840 845 1881 tubi
895 1842 1113 1894 capacitas
1147 1855 1237 1882 non
1259 1840 1387 1881 fuerit
1410 1842 1484 1883 ad-

218 1904 397 1946 modum
412 1905 569 1958 ampla,
613 1919 698 1959 quo
732 1906 775 1944 in
793 1905 1262 1955 casumetusforet,ne
1284 1905 1484 1946 diffluen-

219 1977 262 2006 te
283 1970 501 2010 mercurio
548 1970 708 2024 aliquid
731 1971 839 2011 aeris
862 1984 883 2011 e
903 1982 1079 2012 carcere
1106 1970 1180 2010 suo
1210 1981 1480 2022 erumperet.

214 2030 364 2085 Itaque
382 2035 564 2086 praestat
592 2048 688 2076 eam
720 2037 829 2076 aeris
884 2035 1062 2087 copiam
1083 2045 1126 2075 et
1145 2034 1188 2074 id
1219 2036 1426 2087 punctum
1445 2036 1481 2077 B

213 2094 418 2148 seligere,
472 2101 589 2153 quod
618 2101 661 2140 in
692 2099 770 2140 situ
826 2099 1100 2140 horizontali
1144 2099 1249 2141 dato
1275 2100 1478 2143 maximo

214 2158 521 2214 frigoreextra
538 2162 698 2208 bullam
716 2166 758 2207 A
776 2164 891 2207 inter
910 2164 1029 2209 ΑΒΕ
1052 2163 1190 2207 cadat.

1393 2240 1474 2280 39,
