2013 2719
637 173 1037 223 COCHLEATIS.
1366 188 1385 222 ε
1398 182 1455 220 61

176 290 301 332 rimis
342 287 474 338 tubis,
496 285 643 340 quibus
683 299 771 340 ope
807 284 1064 340 cylindrioli
1083 282 1285 338 chalybei
1307 286 1396 326 acie
1419 293 1464 326 et

179 355 468 410 prominente
493 362 535 391 et
557 362 679 393 tanta
700 350 1337 406 obliquitate‚quantamhelici
1352 363 1465 391 con=

174 421 435 461 venientem
454 417 654 457 arbitrati
675 444 686 467 ,
709 417 802 456 sunt
825 416 1039 469 praediti,
1092 425 1135 455 et
1155 415 1199 456 vi
1218 415 1396 469 impulsi
1414 424 1464 456 vt

179 498 259 539 per
283 484 431 524 tubum
454 481 641 522 transeat
663 481 836 535 acieque
854 481 922 521 sua
942 479 1103 520 sulcum
1131 480 1342 521 cochleae
1370 480 1462 520 for-

180 559 288 590 met.
361 548 411 589 In
430 546 512 586 illis
534 546 610 587 vix
629 547 747 586 inter
768 545 950 598 triginta
967 545 1145 584 vnicum
1164 545 1463 596 tubum‚re&e

180 613 477 662 constitutum,
496 611 643 651 inueni
668 611 711 650 in
734 623 821 664 quo
844 608 1035 650 fortuito
1058 609 1174 649 redte
1195 608 1311 648 ceffit
1335 623 1463 662 opus,

178 679 221 719 id
240 677 357 731 quod
378 690 455 731 per
476 677 700 716 criterium
723 670 758 717 ἕ.
781 692 824 727 4.
840 673 1216 727 datum‚experiri
1236 682 1462 726 poteram.

177 744 300 783 Talia
321 741 516 794 sclopeta
536 741 580 780 in
601 740 797 783 Curonia
838 749 881 779 et
907 739 1092 780 Liuonia
1113 750 1135 777 a
1154 738 1317 778 rusticis
1336 738 1464 778 fabris

178 807 365 847 ferrariis
387 805 678 856 elaboramus,
699 814 741 846 et
763 816 865 844 raro
887 803 1181 857 adipiscuntur
1207 803 1361 844 iustum
1383 802 1463 843 he«

181 872 273 912 licis
296 871 480 911 ductum.

298 939 369 975 16.
439 933 500 974 Vt
523 944 633 973 vero
656 931 774 976 redte
797 931 920 974 duCta
934 930 1056 972 helix
1085 926 1120 974 §.
1141 945 1159 971 1
1175 944 1215 971 2.
1234 930 1464 986 descripta,

178 1000 263 1042 vsui
287 999 437 1049 cedat,
478 996 554 1038 fiat

289 1065 357 1115 (1)
430 1061 1061 1116 Parallelepipedumligneum
1084 1071 1128 1111 7.
1151 1059 1237 1113 dig.
1262 1059 1461 1111 crassum,

170 1127 286 1167 intus
317 1128 506 1169 cauitate
525 1127 716 1168 rotunda
746 1128 947 1181 peruium
975 1155 985 1178 ‚
1025 1127 1244 1167 diameter
1263 1127 1465 1166 cauitatis

174 1203 333 1246 aequet
367 1208 390 1243 3
424 1193 507 1244 dig.
528 1193 768 1245 longitudo
800 1190 1186 1246 parallelepipedis
1214 1190 1462 1243 spitamam.

293 1258 365 1306 (2)
434 1256 692 1297 Muniantur
727 1267 912 1310 Vtraque
952 1267 1158 1297 extrema
1186 1256 1351 1297 annulis
1374 1255 1462 1295 fer«

176 1319 263 1359 reis
286 1328 498 1367 externe,
541 1320 593 1358 ad
613 1320 852 1358 cauitatem
876 1321 1099 1358 internam
1120 1320 1338 1371 recipiant
1353 1320 1464 1361 duos

179 1383 362 1423 annulos
386 1380 659 1421 orichalceos
682 1391 821 1420 torno
845 1380 1121 1430 elaboratos,
1153 1382 1347 1421 eiusdem
1362 1384 1456 1435 pla-

184 1459 239 1486 ne
257 1446 556 1498 amplitudinis
595 1445 769 1498 qualem
799 1445 1019 1497 cylindrus
1051 1439 1085 1486 §.
1116 1459 1187 1484 12.
1214 1445 1458 1500 descriptus

178 1511 384 1564 requirit,
425 1519 474 1549 vt
497 1509 611 1549 arere
631 1509 825 1561 quidem,
848 1508 919 1548 sed
940 1521 1031 1547 non
1043 1510 1203 1549 ’coacte
1223 1510 1462 1561 pei-tranfi-³

178 1586 224 1615 re
244 1572 372 1627 poffit
392 1573 574 1613 annulos
594 1572 815 1625 cylindrus
845 1598 857 1624 ‚
933 1572 1014 1613 lati
1033 1571 1114 1613 sint
1136 1574 1286 1614 annuli
1306 1587 1345 1612 2.
1373 1575 1460 1629 dig„

180 1638 295 1680 craffi
310 1639 408 1679 duas
426 1637 498 1678 vel
521 1646 610 1677 tres
630 1636 780 1678 lineas.

302 1704 374 1756 (3)
436 1703 492 1744 Hi
513 1701 658 1742 annuli
671 1702 972 1742 immittantur
993 1712 1036 1743 et
1060 1700 1296 1743 firmentur
1315 1703 1358 1743 in
1389 1716 1461 1745 ca·

180 1768 329 1809 vitatis
340 1765 700 1822 parallelepipedi
719 1767 1245 1819 extremisinterioribus²
1267 1777 1315 1809 vt
1339 1768 1459 1810 firmi

180 1833 291 1873 stent
311 1842 436 1887 atque
455 1832 720 1873 immobiles.

299 1899 365 1949 (4)
427 1897 479 1939 In
494 1897 721 1951 superiore
744 1907 871 1951 parte
886 1895 1252 1951 parallelepipedi
1272 1895 1456 1938 cauifiat

183 1959 382 2003 foramen
394 1963 647 2013 rotundum,
670 1964 714 2003 in
727 1964 964 2004 cauitatem
981 1975 1128 2016 Vsque,
1149 1977 1166 2002 1
1194 1963 1278 2015 dig.
1302 1963 1345 2002 in
1366 1963 1457 2002 dia-

182 2037 342 2067 metro.
411 2027 673 2070 Elaboretur
701 2028 989 2082 cylindriolus
1010 2026 1270 2078 metallicus,
1296 2028 1340 2067 in
1360 2039 1455 2067 me-

182 2089 254 2130 dio
285 2104 363 2144 per
389 2093 718 2146 longitudinem
746 2093 960 2147 quadrato
1001 2091 1219 2133 foramine
1251 2092 1455 2145 oblongo

182 2157 374 2211 peruius,
397 2159 551 2215 longus
574 2170 617 2201 et
635 2159 746 2201 latus
767 2159 818 2201 ad
846 2158 1200 2213 proportionem
1226 2155 1456 2201 foraminis

819 2224 862 2266 Y
903 2236 928 2263 2
1406 2221 1452 2261 in
