2013 2719
334 149 598 212 INDEX
633 144 1457 209 COMMENTARIORVM

728 301 781 343 In
838 300 1060 345 CLASSE

561 383 1235 444 MATHEMATICA.

262 539 350 581 Iac.
375 534 601 576 Hermanni
633 534 763 576 Noua
792 536 926 577 Ratio
941 534 1184 576 deducendi
1203 534 1417 589 Regulam
1437 535 1526 575 iam

330 600 475 655 paffim
514 599 721 638 traditam
761 612 844 651 pro
884 600 1058 642 Centro
1098 599 1381 641 oscillationis
1419 610 1528 653 pen-

332 665 418 704 duli
437 663 635 715 cuiusque
655 662 907 716 compofiti.
930 676 1026 717 pag.
1055 678 1092 703 1.

262 727 351 770 Ioh.
389 726 591 769 Beruoulli
629 726 948 768 Meditationes
967 730 1019 769 de
1043 727 1220 768 chordis
1245 725 1528 775 vibrantibus,
1601 764 1608 770 ,

327 805 424 832 cum
466 790 739 843 pondusculis
774 793 941 845 aequali
978 791 1215 833 interuallo
1235 806 1256 833 a
1276 792 1316 832 se
1337 790 1531 832 inuicem

331 854 491 895 diffitis.
531 867 574 906 p’.
600 868 672 904 13.

264 918 380 961 Frid.
422 916 654 971 Christoph.
698 911 849 957 Maier
886 916 939 957 de
979 917 1280 960 Arithmetica
1316 919 1534 973 Figuram,

330 985 502 1036 eiusque
521 982 654 1023 vfibus
674 980 853 1035 aliquot.
876 994 917 1035 p.
944 987 1019 1023 28.

262 1049 469 1092 Eiusdem
488 1045 1188 1100 PropofitionesCyclometricae
1216 1046 1534 1101 aliquot.p.53.

264 1110 376 1154 Dan.
409 1111 613 1153 Bernoulll
654 1110 1152 1152 Methodusvniuersalis
1172 1111 1536 1153 determinandae

331 1177 600 1220 Curuaturae
621 1175 723 1216 filia
743 1177 956 1229 potentiis
976 1175 1157 1217 extensi.
1181 1190 1221 1230 p.
1237 1182 1315 1217 62.

264 1238 414 1283 Leonh.
435 1239 583 1281 Eulem'
624 1239 798 1282 Solutio
836 1241 888 1280 de
913 1241 1177 1281 inuenienda
1197 1241 1364 1290 Curua,
1404 1249 1536 1293 quam

331 1305 494 1345 format
516 1305 697 1345 Lamina
718 1316 934 1357 vtcunque
953 1305 1134 1346 Elastica
1156 1315 1199 1346 et
1222 1305 1376 1358 grauia
1400 1316 1441 1357 p.
1456 1315 1536 1353 70„

273 1361 389 1398 Dan.
412 1362 616 1398 Bernonllz·
651 1365 990 1401 obseruationes
1010 1369 1062 1401 de
1091 1369 1277 1404 seriebus
1298 1380 1531 1407 recurren-

336 1421 458 1459 tibus.
519 1424 579 1458 .8
625 1450 633 1458 .

268 1481 417 1535 Georg.
444 1432 613 1536 lssolffig
637 1481 786 1537 Krafft
825 1484 1137 1527 Confideratio
1173 1490 1414 1531 Cumarum
1436 1503 1538 1545 qua-

334 1546 516 1588 rundam
537 1547 705 1588 altioris
722 1549 922 1602 generis,
961 1563 1066 1604 quae
1089 1552 1213 1593 facile
1235 1554 1414 1595 describi
1433 1567 1538 1608 pos·

336 1613 445 1652 sunt.
460 1625 500 1664 p.
530 1626 547 1651 1
560 1625 585 1652 0
599 1626 615 1652 1
629 1641 638 1651 .

269 1674 417 1717 Leofzh.
440 1674 573 1719 Euler
612 1676 663 1715 de
685 1677 820 1718 Linea
841 1677 1085 1719 breuissima
1114 1681 1156 1719 in
1184 1681 1411 1736 superficie
1434 1697 1538 1738 qua·

335 1753 500 1793 cunque
515 1741 600 1780 duo
619 1741 836 1794 quaelibet
857 1746 1013 1795 punsta
1032 1744 1256 1797 iungente.
1278 1761 1318 1800 p.
1343 1762 1359 1787 1
1378 1763 1395 1788 1
1409 1763 1451 1789 0.

267 1805 472 1848 Eiusdem
500 1805 629 1847 Noua
661 1805 901 1847 Methodus
930 1808 1270 1852 innumerabiles
1291 1814 1539 1867 Aequatio-

336 1882 411 1910 nes
449 1868 779 1911 Differentiales
816 1872 989 1912 secundi
1020 1874 1173 1926 gradus
1208 1876 1446 1918 reducendi
1481 1878 1540 1920 ad

334 1934 525 1986 primum
545 1935 739 1987 gradum.
756 1949 796 1988 p.
837 1951 854 1976 1
869 1951 944 1988 24.

269 1996 518 2050 Ioh.Ge0rg.
539 1998 782 2040 Leutmanm·
818 2001 1072 2054 Explicatio
1092 2003 1269 2046 Inuenti
1297 2007 1538 2059 Hydrosta-

333 2061 408 2102 tici
431 2062 482 2101 de
507 2063 706 2115 pondere
723 2066 898 2119 argenti
917 2079 1056 2121 cupro
1079 2069 1538 2125 mixtiinuestigando.

337 2140 379 2180 p.
408 2140 425 2165 1
439 2140 462 2178 3
477 2130 517 2167 8.

894 2186 929 2222 ²*
1435 2198 1530 2243 Ioh.
