2013 2719
345 164 424 210 IN
459 160 883 234 PVLMONIBVS
921 159 1319 208 MISCEATVR.
1411 179 1506 222 233

222 273 310 317 tela
330 275 626 328 repetendum
646 273 860 315 duximus.
931 271 1146 314 Similiter
1168 285 1222 313 ne
1249 274 1339 328 quis
1363 274 1508 315 existi-

221 350 343 391 met,
383 338 565 380 fortaffis
584 349 716 380 moto
737 349 855 380 trans
883 337 1149 392 pulmonem
1179 338 1374 392 sanguini
1405 338 1510 380 taci-

219 405 300 447 lius
315 405 664 455 miscenam-em,
684 416 813 458 quam
826 404 1442 459 stagnantizexperimentum
1468 413 1512 446 et

222 469 318 511 huic
332 459 685 509 circumstantiae
702 468 1136 508 accommodandum
1166 469 1476 510 iudicauimus.

341 534 440 574 VII.
507 533 679 574 Obtulit
702 533 742 574 se
762 533 801 572 d.
831 532 1082 584 19O&obr.
1111 546 1128 571 1
1143 542 1256 582 727.
1277 547 1394 575 noua
1410 547 1508 576 me-

221 598 308 639 lior
329 597 512 638 occasio.
580 598 631 639 In
653 598 865 639 cadauere
885 597 985 638 Viri
1004 598 1171 638 iuuenis
1194 598 1331 638 subita
1352 609 1510 639 morte

221 664 265 704 in
288 675 487 716 caupona
523 663 706 711 extind’ci
732 691 743 714 ‚
780 663 897 703 cuius
918 662 1006 702 sani
1044 671 1170 704 erant
1202 663 1441 718 pulmones
1465 673 1511 706 et

221 728 362 784 probe
385 727 516 775 eloti,
553 727 776 781 sequentia
799 726 1132 768 obseruauimus.

344 804 382 844 5.
452 791 596 831 Lobus
616 793 790 845 integer
809 792 862 832 ad
881 791 1083 833 Antliam
1112 800 1287 844 aptatus
1316 792 1375 834 est
1405 804 1508 833 mon

224 858 307 907 dO‚
343 867 428 911 quo
450 854 652 895 diximus.
754 856 972 896 Extrae‘m
995 868 1124 905 aere,
1170 856 1267 908 post
1291 857 1506 898 diutinam

224 933 414 971 moram,
454 918 561 959 nihil
584 919 688 960 noui
709 919 820 960 aeris
841 933 921 972 per
940 931 1099 960 venam
1122 930 1165 959 et
1198 922 1408 962 arteriam
1430 935 1507 974 pa-

221 986 327 1027 tulas
343 983 517 1024 intrasse
530 984 666 1025 visum
688 984 766 1035 est,
793 994 910 1035 tum,
929 984 1026 1039 quia
1045 982 1226 1024 trachea
1257 986 1509 1039 compressa

216 1047 370 1088 mansit
390 1048 458 1089 sub
477 1049 630 1090 tubulo
653 1062 813 1100 aene0‚
854 1059 948 1090 tum
967 1050 1063 1104 quia
1087 1062 1159 1089 aer
1181 1049 1279 1090 data
1301 1063 1383 1103 per
1411 1051 1509 1092 An·

215 1111 320 1153 tliae
351 1115 635 1168 epistomium
675 1124 882 1169 apertura
918 1127 1015 1156 cum
1038 1115 1220 1169 strepitu
1240 1115 1285 1155 in
1307 1114 1509 1157 tubulum

215 1176 391 1231 irrupit.
461 1181 558 1220 Hoc
579 1190 811 1222 tent-amen
829 1179 891 1220 bis
911 1178 1069 1221 fitetum
1091 1181 1163 1221 est.

336 1247 379 1281 6.
449 1243 574 1283 Idem
595 1243 718 1284 lobus
742 1257 842 1286 aere
864 1257 944 1296 per
963 1244 1165 1286 Antliam
1187 1245 1417 1286 xiolenter
1438 1245 1506 1285 in-

218 1303 346 1346 flatus
367 1307 445 1356 est,
484 1317 611 1359 atque
634 1317 728 1346 tum
750 1321 830 1360 per
849 1307 1090 1347 laesionem
1125 1309 1358 1348 fortuitam
1387 1310 1505 1349 tuni-

218 1381 293 1409 cae
334 1369 600 1423 pulmonalis
639 1371 834 1412 extimae
871 1383 1030 1423 magna
1057 1371 1100 1411 vi
1122 1385 1196 1413 ner
1219 1372 1404 1424 egressus
1426 1373 1503 1423 est,

218 1433 324 1473 teste
346 1444 510 1484 vento,
553 1446 596 1475 et
618 1433 808 1485 bullulis,
848 1447 945 1474 cum
967 1448 1073 1488 aqua
1100 1436 1419 1489 affunderctur,
1442 1439 1503 1479 ci—

217 1496 372 1538 tifiime
391 1498 429 1537 se
449 1499 782 1551 insequentibus.

335 1573 377 1612 7.
447 1563 516 1604 Ex
536 1562 717 1603 aduerso
738 1575 817 1616 per
839 1562 1047 1603 arteriam
1072 1573 1116 1603 et
1144 1576 1305 1604 venam
1334 1565 1504 1617 patulas

215 1624 323 1665 nihil
343 1627 452 1667 aeris
473 1656 482 1678 ‚
524 1627 673 1668 exiisse
693 1628 975 1669 iudicauimus
996 1643 1008 1679 ·‚
1046 1629 1142 1682 quia
1161 1632 1202 1679 a)
1227 1641 1305 1668 nec
1318 1639 1503 1672 ventum

214 1690 436 1743 sensimus,
460 1705 537 1732 nec
560 1693 599 1743 h)
620 1692 801 1734 bullulas
824 1706 904 1746 per
924 1692 1099 1734 affusam
1114 1707 1267 1748 aquam
1290 1707 1501 1747 prorum-

213 1769 341 1809 pere,
383 1769 460 1798 nec
480 1762 517 1808 c)
536 1758 680 1812 ligatis
702 1759 907 1799 vasorum
927 1758 1089 1798 horum
1111 1760 1328 1811 aperturis
1344 1760 1502 1801 eadem

213 1819 577 1875 i11f1·alig;1t11ram
606 1824 898 1864 intumescere
927 1824 1262 1865 obseruauimus.
1349 1825 1500 1879 Repe-

214 1886 345 1927 titum
369 1889 425 1928 est
447 1889 680 1941 aliquoties
699 1888 785 1929 hoc
808 1901 1012 1929 examen.

331 1953 454 1993 VIII.
494 1954 698 1995 Assumto
719 1954 826 1995 lobo
849 1953 1072 2008 pulmonis
1086 1951 1246 2006 altero,
1259 1952 1359 1995 alias
1375 1952 1498 1994 dein-

218 2012 265 2054 de
284 2017 373 2057 vias
397 2020 687 2071 tentauimus‚
728 2030 770 2060 et
790 2020 985 2073 liquores
1006 2017 1130 2059 alios.

334 2086 373 2121 8.
442 2083 606 2126 Inieeca
646 2098 725 2138 per
754 2085 965 2126 arteriam
994 2083 1309 2138 pulmonarem
1335 2096 1424 2137 ope
1444 2083 1497 2124 fi-

216 2141 371 2195 phonis
393 2149 605 2190 ordinarii
625 2149 903 2205 aquatepida
952 2176 963 2199 7
1004 2149 1192 2192 vidimus
1210 2154 1253 2201 a)
1274 2150 1425 2203 egredi
1444 2150 1497 2190 il-

798 2214 876 2257 Hh
918 2227 943 2254 2
1402 2214 1494 2254 lam
