2013 2719
360 548 469 590 FQ.n

570 217 661 245 112
846 200 1047 248 LINEA
1085 200 1482 253 BREVISSIMA

563 310 708 363 pune‘ti
728 309 958 351 secundum
979 308 1334 363 longitudinem,
1373 311 1507 354 altera
1527 315 1830 361 secundumla-'

563 374 799 414 titudinem
829 383 871 413 et
918 374 1049 414 tertia
1086 374 1317 416 secundum
1365 377 1641 424 altitudinem
1680 385 1826 430 deter-

561 439 713 477 minat.

682 506 724 541 6.
796 500 1089 555 Concipiatur
1110 502 1303 556 planum,
1353 506 1471 559 quod
1491 508 1533 548 in
1558 509 1692 563 figura
1718 527 1826 556 con-

560 565 676 616 gruit
697 578 794 605 cum
816 564 949 617 plano
969 566 1160 617 chartae,
1177 579 1219 608 et
1239 569 1356 622 quod
1377 570 1655 615 horizontalc
1677 580 1826 632 appel-

560 628 738 669 labimus
762 656 773 679 ,
817 630 859 668 in
874 643 1014 684 eoque
1037 633 1151 673 rea-„1
1174 646 1257 686 pro
1277 633 1409 675 lubitu
1438 636 1558 678 due‘ta
1578 641 1665 691 AP²
1720 655 1826 696 quae

563 702 767 747 tanquam
798 696 887 734 axin=
920 695 1003 734 erit
1031 695 1356 737 consideranda.
1434 700 1497 741 Sit
1518 715 1625 743 nunc
1648 705 1696 747 M
1718 719 1826 759 pun-

561 758 676 798 c'tum
704 758 939 810 cuiuspiam
970 758 1211 811 superficiei
1232 772 1355 802 extra
1376 761 1462 804 hoc
1484 765 1660 819 planum
1681 769 1829 825 situm,

563 821 823 860 demittatur
844 833 898 862 ex
920 833 974 861 eo
995 824 1039 862 in
1069 823 1246 876 planum
1269 825 1550 870 liorizontale
1590 835 1827 887 perpendi-

564 884 707 924 culum
732 885 829 943 MQ
841 886 973 938 plano
995 887 1036 925 in
1058 888 1375 945 rocurrens,
1410 904 1451 934 et
1472 908 1525 935 ex
1546 897 1646 954 Qin
1667 898 1829 940 lineam

562 947 628 988 seu
654 961 780 988 axem
802 951 873 990 ΑΡ
892 951 1067 991 ducatur
1095 955 1467 1007 perpendicularis
1497 960 1578 1016 QP.
1664 963 1827 1017 Perspi-

561 1024 686 1050 cuum
711 1025 819 1051 nunc
842 1014 897 1053 est
919 1015 1026 1053 datis
1039 1017 1170 1055 tribus
1191 1019 1314 1057 lincis
1328 1022 1413 1070 ΑΡ,
1430 1023 1513 1080 PQ,
1531 1035 1573 1064 et
1594 1026 1683 1082 QM
1696 1040 1825 1081 quan-

562 1075 691 1114 titate
716 1103 726 1124 ,
770 1074 893 1115 situm
916 1079 1061 1128 punfti
1086 1079 1131 1118 M
1154 1079 1247 1117 fore
1271 1082 1626 1123 determinatum.

680 1149 721 1187 7.
792 1140 881 1179 Hae
905 1140 1035 1191 igitur
1056 1151 1142 1180 tres
1162 1141 1302 1181 lineae
1323 1145 1409 1194 AP,
1425 1145 1503 1203 PQ
1515 1156 1558 1185 et
1581 1146 1669 1203 QM
1703 1149 1828 1189 nobis

564 1212 689 1241 erunt
724 1203 1090 1243 indeterminatae
1113 1231 1122 1252 ⁷
1165 1218 1219 1245 ex
1247 1207 1391 1259 quibus
1420 1221 1515 1249 cum
1538 1211 1831 1253 constantibus

564 1267 765 1317 aequatio
798 1280 881 1318 pro
912 1267 1136 1318 superficie
1160 1271 1326 1320 punstis
1348 1271 1394 1310 M
1426 1274 1662 1313 terminata
1687 1276 1828 1316 confi-

562 1330 686 1366 citur.
721 1330 986 1368 Vocabimus
1009 1330 1108 1377 ΑΡ,
1132 1337 1148 1367 t
1186 1332 1291 1388 PQ,
1333 1345 1394 1380 x,
1438 1343 1480 1372 et
1503 1334 1591 1390 QM
1615 1363 1624 1384 ,
1654 1349 1687 1387 y
1709 1365 1720 1387 ‚
1763 1350 1829 1380 at·-

562 1404 642 1444 que
667 1405 748 1444 pro
771 1392 957 1445 qualibet
980 1392 1202 1445 superficie
1226 1422 1236 1443 ,
1279 1394 1330 1434 de
1352 1408 1430 1448 qua
1449 1399 1680 1452 quidquam
1701 1415 1828 1455 quae-

563 1457 672 1495 ritur
695 1484 705 1506 ,
750 1466 935 1508 oportet
957 1457 1265 1507 aequationem
1286 1458 1401 1498 inter
1421 1460 1492 1499 has
1513 1463 1828 1507 indetermina-

564 1529 626 1559 tas
651 1520 916 1570 inuestigare.
1024 1517 1164 1558 Simili
1196 1519 1401 1572 deinceps
1430 1525 1570 1563 modo
1603 1539 1658 1566 ex
1685 1528 1829 1570 huius-

565 1582 689 1621 modi
711 1580 1037 1635 aequationibus
1059 1582 1358 1633 proprietates
1377 1596 1583 1626 eruentur
1613 1615 1624 1638 ‚
1665 1604 1750 1643 quo
1773 1607 1829 1637 ex

564 1646 891 1698 aequationibuS
911 1657 1136 1685 curuarum
1151 1658 1295 1686 earum
1319 1650 1617 1700 proprietates
1632 1653 1830 1696 deriuan-

565 1718 647 1749 tur.
750 1710 828 1750 Vti
850 1708 876 1748 sl
894 1708 1136 1761 superficies
1158 1709 1283 1749 fuerit
1306 1710 1523 1763 sphaerica
1545 1742 1556 1764 ‚
1598 1718 1710 1758 cuius
1729 1731 1829 1760 cen-

563 1783 679 1813 trum
702 1774 745 1812 in
766 1775 805 1814 A
846 1783 888 1812 et
915 1773 1150 1824 radiusza,
1174 1775 1257 1814 erit
1286 1778 1486 1829 aequatio
1516 1780 1603 1820 eius
1630 1792 1831 1825 naturam

565 1838 799 1878 continens
833 1844 1247 1890 ααῐῑῑ-ι-πχ-ῌῃπ

690 1905 729 1941 8.
815 1902 1196 1958 Quemadmodum
1235 1915 1373 1956 porro
1396 1904 1438 1944 in
1457 1905 1570 1948 linea
1591 1921 1717 1951 curua
1737 1924 1832 1954 cer-

569 1975 663 2006 tum
702 1967 905 2018 punctum
947 1965 1150 2006 definitur
1186 1966 1257 2007 vel
1283 1968 1578 2012 determinato
1599 1974 1749 2015 valore
1771 1977 1830 2017 al-

568 2030 726 2068 terutri
748 2029 1114 2071 indeterminatae
1136 2030 1380 2085 assignando
1404 2059 1414 2082 ‚
1455 2035 1526 2075 vel
1547 2036 1627 2077 alia
1646 2040 1830 2091 quadam

570 2094 830 2145 aequatione
852 2106 947 2133 cum
961 2096 1361 2148 aequationelocali
1379 2100 1696 2152 coniungenda.
1710 2102 1833 2145 Sicin

570 2155 920 2211 superficiebus,fi
932 2160 1140 2213 quaedam
1159 2161 1291 2202 trium
1308 2161 1743 2209 indeterminatarum
1757 2169 1830 2208 de-

1740 2240 1830 2275 ter-
