2013 2719
909 179 981 242 ou}
1051 188 1096 238 >:<
1139 191 1232 240 156
1270 192 1314 242 >2<
1384 186 1456 249 &34⁴

688 324 803 384 DE
838 326 1108 387 SVLCIS
1145 330 1603 399 COCHLEAT
1613 344 1674 403 IS

930 436 982 475 ad
1004 437 1150 478 datam
1174 439 1417 483 distantiam

850 519 1024 563 TVBIS
1064 522 1500 573 SCLOI'ETORVM

969 605 1087 646 reste
1115 607 1384 650 inducendis.

744 688 867 751 Ioh.
950 696 1173 778 Georg.
1245 700 1596 766 Leutmann.

1150 864 1189 892 1.

803 973 923 1016 Vbos
940 975 1242 1030 sclopetorum
1261 982 1453 1028 cochleis
1473 988 1587 1032 intus
1612 1002 1791 1037 excaua·

839 1048 934 1090 tos,
976 1052 1018 1081 et
1039 1044 1211 1083 ratione
1234 1047 1459 1087 structurae
1475 1078 1488 1100 7
1555 1063 1597 1091 et
1617 1059 1789 1097 ratione

840 1103 1036 1154 effeetus,
1078 1107 1129 1146 ad
1150 1109 1448 1151 mechanicam
1464 1116 1700 1166 pertinere,
1716 1131 1786 1156 ne-

844 1169 1009 1207 minem
1031 1170 1110 1209 effe
1135 1183 1243 1223 puto
1262 1174 1332 1226 qui
1354 1175 1550 1225 dubitet,
1593 1189 1635 1217 et
1657 1193 1785 1229 quin-

524 1240 651 1280 quam
681 1229 907 1280 opificium
927 1232 1115 1273 laborfit
1164 1261 1174 1283 ,
1216 1249 1283 1274 eas
1313 1237 1554 1289 perficere,
1593 1250 1787 1281 attamen

523 1291 671 1331 iustam
694 1303 736 1330 et
767 1293 959 1332 debitam
989 1295 1285 1336 inductionem
1307 1298 1492 1339 helicum
1515 1328 1526 1350 ,
1568 1302 1642 1341 nisi
1664 1303 1786 1344 labor

523 1366 544 1393 a
567 1356 715 1406 perito
744 1354 1006 1395 mechanico
1036 1357 1280 1411 dirigatur,
1321 1362 1369 1402 ab
1397 1375 1537 1416 eoque
1557 1365 1786 1409 inibi-mati

521 1428 649 1468 atque
672 1419 815 1460 edothi
836 1418 993 1460 fuerint
1018 1423 1199 1474 opifices
1242 1453 1252 1475 ‚
1290 1427 1493 1468 vitiosam
1536 1431 1780 1483 deprehen-

521 1482 672 1523 dentes
691 1493 733 1522 et
754 1483 994 1522 intentioni
1016 1486 1154 1525 minus
1173 1488 1532 1539 respondentem.

641 1561 679 1585 2.
750 1545 913 1584 Primus
935 1572 946 1595 ,
986 1548 1055 1598 qui
1078 1546 1186 1587 hanc
1206 1549 1333 1591 finxit
1354 1553 1397 1591 in
1421 1554 1530 1592 tubis
1550 1553 1738 1597 formam
1763 1585 1774 1608 ‚

519 1611 676 1661 procul
696 1608 824 1648 dubio
845 1621 942 1648 eum
963 1607 1107 1650 habuit
1128 1610 1260 1652 finem
1306 1640 1317 1663 ,
1364 1624 1411 1654 vt
1429 1615 1582 1667 globus
1601 1631 1680 1670 pei·
1697 1633 1776 1673 gy-

515 1685 612 1713 rum
661 1699 671 1722 ,
712 1685 799 1724 ope
817 1672 1097 1714 cochlearum
1137 1702 1148 1725 ,
1190 1676 1408 1717 indiie‘tum
1447 1707 1457 1729 ‚
1493 1693 1637 1720 aerem
1659 1693 1775 1724 tere-

515 1736 680 1777 brando
701 1736 863 1777 facilius
881 1747 1085 1789 penetret
1109 1749 1234 1792 atque
1260 1741 1371 1781 secet
1403 1769 1414 1792 ‚
1456 1744 1772 1800 prohibentque

517 1814 571 1841 ne
590 1800 701 1840 linea
723 1801 1001 1853 dirccstionis,
1039 1802 1216 1854 globum
1237 1805 1498 1857 impellens,
1541 1821 1560 1848 a
1580 1811 1693 1850 reeta
1708 1812 1771 1851 ni-

516 1865 653 1905 mium
673 1864 875 1905 deflestat
895 1867 984 1917 via,
1024 1876 1066 1906 et
1086 1868 1262 1908 tandem
1282 1881 1440 1922 corpus
1458 1871 1648 1913 refistens
1669 1901 1680 1923 ‚
1721 1876 1773 1916 ad

514 1929 630 1980 quod
650 1929 790 1968 tendit
808 1928 959 1980 globus
1005 1957 1016 1979 ‚
1056 1930 1356 1973 vehementius
1382 1934 1556 1976 feriatur
1576 1947 1619 1977 et
1639 1938 1769 1978 traie-

515 1993 654 2033 ‹stetur
676 2019 686 2041 ,
726 1993 897 2045 quando
920 1993 1072 2046 globus
1092 1996 1288 2047 gyrando
1312 1997 1412 2038 illud
1439 2001 1726 2051 perterebrat.

633 2070 674 2106 3.
743 2056 857 2096 Haec
882 2070 1095 2112 nunquam
1116 2059 1380 2102 obtinebitur
1398 2063 1592 2103 intentio
1638 2092 1648 2114 ‚
1695 2063 1768 2105 nisi

511 2117 674 2161 helices
703 2121 911 2174 aequabili
932 2122 1061 2176 plane
1093 2135 1206 2178 gyro
1235 2125 1340 2166 tubo
1370 2126 1531 2168 fuerint
1556 2126 1768 2178 incluc'tae,

1689 2206 1767 2247 gy·
