2013 2719
392 163 677 231 EWSQVE
718 160 942 213 VSIBVS
978 158 1279 226 ALIQVOT.
1411 172 1477 218 47

210 282 329 324 riunt
353 296 366 333 ·,
401 279 474 321 sed
503 277 749 319 notandum
779 275 837 317 est
867 287 958 316 non
988 272 1069 315 esse
1093 270 1261 313 necesse
1281 280 1329 312 vt
1350 269 1479 311 series

212 361 236 388 a
265 346 418 401 primis
446 344 654 385 radicibus
684 338 1098 394 inchoetur-,potest
1134 350 1184 378 ea
1219 336 1376 390 vbique
1411 335 1477 375 in·

212 411 391 461 cho-ari,
429 422 508 463 per
530 407 763 449 artificium
784 405 903 461 quod
924 406 1041 444 innui
1074 398 1109 447 §.
1144 417 1161 443 1
1177 403 1251 442 2m⁰
1279 401 1478 454 adeoque

208 474 394 517 calculus
414 473 634 514 contrahi.
702 470 848 511 Potest
871 470 1006 509 etiam
1029 468 1233 522 aequatio
1262 476 1479 508 transmu-

212 542 297 582 tari
316 542 357 579 in
379 538 506 579 aliam
528 550 635 591 quae
656 536 853 576 minores
871 533 1038 576 radices
1061 533 1308 573 contineat.
1363 531 1481 572 Haec

213 603 428 648 monuisse
448 601 615 644 sufficit.

336 679 409 719 27.
483 666 625 708 Series
649 664 873 706 interdum
895 673 966 704 tot
989 662 1157 704 radices
1187 673 1279 701 non
1309 659 1481 714 detegit

211 743 320 788 quot
343 733 544 786 aequatio
568 732 721 784 gradus
751 730 881 770 habet
904 757 915 780 ‚
954 728 1074 783 quod
1101 737 1253 767 tamen
1282 725 1378 766 fieri
1407 725 1481 765 de-

211 798 353 839 bebat.
422 798 518 838 Hoc
542 806 687 836 autem
708 794 874 835 indicio
898 793 956 836 est
975 795 1019 832 in
1049 793 1314 846 aequatione
1335 789 1483 831 conti-

213 863 308 903 neri
334 861 501 901 radices
531 869 602 900 aut
634 859 831 912 aequales
860 868 931 898 aut
964 858 1274 910 imaginaria53
1311 855 1386 896 has
1407 855 1482 896 de-

214 938 359 980 teges,
400 925 429 966 fi
450 924 763 979 aequationem
785 922 948 963 diuidas
970 933 1050 976 per
1070 922 1236 962 radices
1266 923 1482 969 inuentas‚

215 1001 259 1036 et
288 1004 373 1045 pro
405 1003 521 1031 noua
551 990 814 1044 aequatione
834 1016 846 1040 ‚
889 999 996 1042 quae
1019 987 1174 1040 prodit
1196 1014 1208 1036 ,
1252 997 1387 1025 nouas
1408 984 1483 1024 de-

210 1056 365 1097 scribas
386 1056 515 1097 series
532 1054 615 1095 hae
638 1055 757 1095 enirn
780 1054 993 1107 detegent
1011 1051 1232 1107 aequales,
1273 1049 1302 1090 fi
1323 1049 1488 1100 adsint3

213 1130 318 1172 aut,
359 1120 387 1161 fi
409 1120 694 1174 imaginariae
717 1117 854 1159 adsint
886 1146 897 1169 ,
940 1116 1073 1159 nullas
1103 1117 1329 1169 detegent.
1399 1115 1488 1157 Res

211 1187 326 1227 tanti
347 1199 437 1226 non
459 1185 516 1226 est
537 1197 584 1227 vt
606 1182 822 1237 exemplo
844 1183 1091 1224 illustretur.

340 1255 416 1292 28.
485 1250 578 1293 Nisi
599 1249 839 1290 laboriosus
859 1249 1044 1289 nimium
1064 1246 1182 1288 foret
1232 1273 1244 1297 ,
1285 1244 1486 1288 ostende-

218 1325 314 1351 rem
335 1327 508 1363 quoque
530 1314 716 1352 modum
736 1326 823 1363 quo
845 1312 1009 1352 limites
1028 1312 1224 1352 radicum
1248 1323 1340 1351 non
1370 1311 1487 1350 inte-

216 1386 394 1426 grarum
416 1383 506 1412 tam
530 1372 771 1426 propmqui
794 1399 805 1421 ,
846 1385 974 1425 quam
994 1374 1084 1424 quis
1107 1383 1290 1424 cuperet
1311 1399 1322 1421 ‚
1364 1374 1486 1410 inue-

217 1437 301 1477 niri
320 1436 507 1489 poffunt.
576 1436 746 1476 Nititur
766 1435 839 1472 ille
860 1437 1232 1476 transmutatione
1260 1436 1488 1489 aequatio-

218 1501 281 1541 nis
301 1500 345 1539 in
368 1497 496 1539 aliam
519 1498 635 1537 cuius
656 1497 783 1537 radix
803 1497 965 1549 prioris
986 1497 1188 1551 multipla
1210 1499 1283 1547 est,
1309 1513 1392 1551 pro
1407 1513 1487 1553 qua

216 1564 373 1605 seriem
394 1562 674 1604 collectiu‘am
695 1562 951 1602 construere
973 1573 1177 1616 oportet.
1246 1564 1412 1605 Tentet
1443 1564 1488 1604 id

215 1629 285 1683 qui
305 1627 445 1670 volet.

339 1708 413 1745 29.
454 1693 585 1734 Alter
604 1692 758 1733 harum
782 1693 993 1734 sei-lerum
1013 1693 1103 1734 vsus
1124 1694 1182 1735 est
1203 1707 1332 1749 quem
1356 1707 1485 1749 prae-

217 1757 327 1799 stant
366 1759 410 1798 in
456 1758 807 1799 theorematibus
853 1758 1161 1800 vniuersalibus
1204 1760 1484 1801 adornandis.

216 1822 400 1864 Necesse
433 1823 490 1864 est
519 1823 743 1864 interdum
771 1836 828 1864 ex
857 1823 1045 1879 pluribus
1066 1823 1264 1865 formulis
1286 1825 1483 1878 speciali-

217 1887 291 1927 bus
313 1886 599 1929 vniuersalem
620 1887 845 1929 conficere
867 1917 879 1940 ‚
919 1889 991 1930 vbi
1012 1890 1185 1930 numeri
1213 1890 1284 1943 qui
1312 1891 1484 1944 quanti-

216 1952 373 1993 tatibus
393 1952 634 1994 indefinitis
653 1953 894 1994 adhaerent
918 1953 1154 1994 difficulter
1182 1955 1234 1994 ad
1262 1956 1483 1996 Vniuersa—

217 2016 391 2057 litatem
414 2028 694 2059 reuocantur.
764 2019 894 2077 Quod
915 2018 944 2059 fi
964 2020 1198 2072 contingat
1211 2030 1258 2060 vt
1278 2020 1384 2061 tales
1406 2034 1483 2061 nu-

214 2083 327 2123 meri
348 2084 473 2136 (quos
493 2084 639 2124 vncias
660 2095 824 2125 vocant
847 2083 994 2138 aliqui)
1014 2083 1095 2124 fint
1119 2097 1174 2125 ex
1195 2097 1359 2137 genere
1388 2085 1483 2126 col-

221 2145 484 2188 lee‘tiuorum
542 2176 553 2198 ‚
604 2149 790 2190 modum
813 2162 925 2191 nunc
948 2149 1174 2192 ostendam
1195 2163 1282 2204 quo
1303 2149 1368 2190 illi
1387 2151 1485 2192 vni-

221 2210 401 2255 versales
420 2212 546 2255 reddi
565 2212 741 2269 poffint.

1250 2293 1327 2334 30.
1392 2280 1485 2323 Ex-
