2013 2719
631 161 956 212 SCYTHICA.
1008 168 1029 183 ‘
1345 187 1370 230 3
1384 188 1443 231 19

158 277 202 321 id
223 285 395 330 tempus
418 287 589 330 quoque
609 275 726 316 inter
744 275 925 330 Scythas
946 276 1175 320 Nomadas
1207 288 1306 322 orta
1330 282 1442 325 sedi=

158 345 305 394 tione,
343 345 411 392 ,(3)
433 353 529 393 pars
551 369 562 391 ,
604 354 710 394 quae
733 341 986 383 factionibus
1007 353 1101 384 erat
1122 345 1268 399 impar
1289 347 1440 390 inMe=

155 410 274 451 diam
310 405 516 446 concedit
555 406 607 445 ad
639 406 890 458 Cyaxarem
931 419 1097 461 regem.
1185 410 1226 451 Is
1250 410 1439 465 Scythas

156 472 368 526 supplices
395 470 582 521 benigne
611 471 783 523 accepit
813 480 857 510 et
888 471 932 510 in
961 470 1139 513 honore
1157 472 1309 517 habuit
1333 504 1344 528 ‚
1385 477 1440 518 fi-

154 540 343 591 liumque
365 534 542 575 tradidit
572 562 582 585 ,
625 547 753 589 quem
781 545 825 575 et
845 535 1049 588 sagittare
1071 546 1116 577 et
1139 537 1347 592 Scythice
1368 541 1438 583 lo-

151 604 223 658 qui
246 603 470 642 docerent.
574 600 819 641 Inteiiecto
843 610 1054 654 tempore
1075 629 1086 652 ,
1128 615 1227 643 cum
1242 604 1439 658 Scythae

154 678 362 708 venatum
398 665 573 705 exirent
592 675 636 705 et
661 677 993 719 nonnumquam
1016 666 1201 708 domum
1233 670 1437 712 redirent

153 733 302 773 inanes
331 756 341 779 ‚
382 728 606 781 Cyaxares
633 730 783 783 aspere
811 739 855 770 et
878 742 975 770 cum
999 732 1275 774 contumelia
1298 734 1439 778 veluti

151 797 314 838 inertes
335 793 559 833 tractabat.
647 795 864 836 Homines
898 793 1114 836 libertatis
1132 798 1261 838 vnice
1284 811 1434 841 aman-

150 871 240 912 tes,
282 870 374 901 rem
392 857 616 908 indignam
640 860 723 898 rati
746 886 758 909 ‚
796 858 825 898 fi
848 871 933 911 pro
962 861 1196 914 mancipiis
1215 861 1435 906 haberen-=

149 934 221 966 tur
263 954 275 977 ,
342 934 474 963 vnum
494 933 736 973 puerorum
758 949 770 971 ,
808 935 917 976 quos
939 935 1037 963 cum
1063 924 1157 966 filio
1178 928 1293 980 regis
1313 928 1432 970 insti=

147 991 335 1028 tuendos
356 996 617 1038 acceperant
645 1014 655 1037 ,
694 987 900 1039 madi-ant,
927 992 1433 1045 apparatumque‚veluti

132 1042 363 1103 ‘ferinam7r
374 1051 442 1102 egi
459 1051 644 1090 mittunt
665 1061 709 1091 et
728 1051 970 1093 conscensis
998 1054 1117 1107 equis
1137 1055 1192 1096 ad
1210 1055 1430 1109 Alyatten

137 1117 351 1170 supplices
382 1114 639 1169 profugiunt
667 1114 839 1159 Sardes.
942 1118 1066 1176 Quos
1095 1132 1196 1160 cum
1221 1120 1430 1174 Alyattes

139 1181 333 1233 Cyaxari
370 1182 542 1231 petenti
580 1182 756 1223 tradere
787 1180 930 1223 nollet
950 1211 962 1234 ,
1006 1181 1170 1225 bellum
1193 1195 1345 1226 ortum
1370 1187 1429 1230 est

138 1245 258 1286 inter
276 1246 423 1298 Lydos
454 1244 698 1300 Medosque
719 1257 764 1286 et
784 1248 904 1287 vatia
924 1246 1102 1287 fortuna
1123 1249 1423 1301 gestumSex-

138 1309 337 1350 tusistius
373 1306 477 1348 belli
503 1322 635 1348 annus
662 1319 756 1349 crat
785 1337 794 1359 ,
833 1322 932 1349 cum
960 1311 1003 1350 in
1023 1312 1176 1352 medio
1198 1314 1424 1368 Vtriusque

135 1375 358 1416 exercitus
376 1373 642 1423 cei-tamine,
679 1373 803 1413 caelo
821 1372 1222 1424 sereno,obscurata
1250 1378 1327 1419 lux
1345 1379 1420 1433 est,

136 1438 236 1479 luna
254 1438 323 1479 sub
347 1435 501 1477 orbem
522 1436 621 1476 solis
641 1436 864 1478 subeunte.
928 1438 1086 1489 Iones,
1127 1442 1200 1494 qui
1220 1443 1267 1482 in
1287 1454 1420 1484 exer-

137 1505 225 1545 citu
261 1501 455 1555 Alyattis
489 1499 737 1541 militabant
773 1529 785 1552 ,
824 1502 867 1542 id
892 1513 950 1542 eo
981 1512 1197 1556 tempore
1224 1505 1421 1549 futurum

135 1569 430 1608 meminerant
469 1580 476 1605 :
517 1565 801 1617 praedixerat
828 1566 946 1606 enim
975 1568 1034 1608 eis
1063 1568 1332 1625 caussamque
1353 1573 1420 1613 rei

136 1633 405 1686 explicuerat
423 1627 581 1669 Thales
604 1629 808 1671 Milesius.
895 1631 1007 1685 Lydi
1034 1642 1184 1673 autem
1207 1633 1417 1690 Medique

134 1698 400 1738 'consternati
439 1694 493 1733 ob
531 1697 795 1748 repentinae
824 1697 964 1738 noffis
986 1697 1243 1751 prodigium
1267 1727 1279 1751 ,
1321 1712 1416 1743 non

136 1763 277 1801 modo
312 1758 745 1815 apraelioabsistunt
783 1788 795 1811 ‚
836 1773 992 1802 verum
1038 1762 1174 1803 etiam
1197 1763 1252 1803 de
1293 1754 1414 1818 pacis

137 1826 457 1867 conditionibus
476 1835 610 1876 vagunt
632 1837 675 1865 et
697 1824 851 1866 foedus
880 1824 1042 1867 faciunt
1064 1826 1301 1879 ‚Syenensi
1332 1830 1411 1872 Ci-

133 1889 216 1930 lice
256 1900 297 1931 et
335 1891 561 1941 Labyneto
599 1890 851 1943 Babylonio
877 1891 1065 1932 arbitris„
1143 1892 1411 1936 Firmandae

136 1957 250 2008 pacis
273 1955 406 1999 cauffa
426 1952 631 2006 Alyattes
650 1957 837 1997 Arienin
857 1954 993 1995 filiam
1033 1955 1214 2009 Astyagi
1233 1957 1409 2010 cyaxa-

131 2022 187 2060 ris
209 2020 301 2061 filio
326 2020 572 2075 despondit,
674 2020 726 2063 Id
748 2019 962 2075 praelium
981 2021 1097 2062 intra
1114 2020 1259 2075 Halyn
1277 2035 1407 2064 com-

132 2081 248 2126 Tom,
269 2084 348 2127 ΙΙΙ..
821 2086 885 2126 Tt
1297 2088 1404 2128 mis·

123 2210 183 2217 ...-

201 2232 250 2272 ξζ3)
281 2232 456 2262 Hemdotus
468 2233 490 2262 l.
501 2234 524 2266 Ι,
533 2242 560 2264 c.
571 2240 618 2272 173·
