2013 2719
633 122 956 172 scTTfflcA.
1338 143 1360 184 3
1374 147 1395 184 ³
1409 142 1434 184 3

226 238 471 294 „venitque
491 237 543 278 ad
582 236 911 290 Cyprum,cum
932 235 991 277 ibi
1014 235 1174 278 horam
1193 239 1435 278 antemeri-

227 308 437 359 „dianam
458 311 739 344 numerarent
761 313 926 342 nonam
949 301 1054 342 fere.
1124 303 1165 343 A
1187 302 1346 356 Cypro
1366 313 1434 343 te-

226 370 407 425 „tendit
427 381 507 422 per
526 366 729 410 Ciliciam
751 375 793 407 et
816 366 1149 419 Cappadociam
1178 367 1434 422 appulitque

225 436 315 488 „ad
331 435 658 487 Trapezuntem
677 431 832 481 Ponti,
871 442 968 470 cum
988 431 1047 472 ibi
1067 430 1171 471 esset
1193 430 1304 473 hora
1329 446 1347 472 1
1361 435 1433 490 οὲ.

227 500 348 551 „fere
367 526 379 550 ,
417 508 517 538 ante
537 496 796 545 meridiem,
835 494 1094 537 horasinter
1115 508 1279 537 nonam
1301 508 1344 538 et
1357 498 1434 538 de-

223 565 429 616 ⁷,cimam
498 560 709 614 Migrauit
729 559 886 602 deinde
907 572 986 613 per
1007 559 1197 600 mediam
1217 561 1363 602 Asiam
1387 573 1432 605 et

223 641 377 681 „mare
397 626 623 680 pacificum
642 624 846 678 ingressa,
865 636 1031 667 terram
1061 623 1252 666 excellit.
1321 627 1434 684 Quia

224 694 348 745 „luna
368 691 445 733 fuit
467 692 673 745 perigaea
694 701 738 730 et
759 688 823 730 sol
843 690 1256 743 apogaeus,vmbra
1275 691 1433 744 ingen-

225 769 352 810 „tem
369 766 515 797 terrae
537 755 724 797 tractum
755 754 985 808 occupauit
1031 781 1042 804 ,
1100 753 1238 795 latum
1268 754 1433 797 scilicet

222 827 321 876 „46
340 820 541 862 milliaria
561 818 849 870 Germanica,
876 820 919 859 in
942 831 1027 872 quo
1047 817 1111 859 sol
1129 819 1285 873 vbique
1306 821 1434 873 peni-

226 900 328 939 „tus
347 885 519 925 euanuit
547 894 555 919 :
594 894 750 924 verum
781 892 823 922 et
843 895 951 937 quae
973 883 1025 922 ad
1043 884 1180 924 latera
1199 883 1319 924 huius
1340 895 1431 925 tra-

222 953 345 1001 „rstus
361 950 451 990 sunt
470 947 676 1000 regiones
693 945 832 987 solem
850 946 976 989 valde
996 945 1274 988 laborantem
1303 949 1431 990 vide-

216 1023 345 1065 „runt
391 1041 402 1063 ,
438 1013 666 1065 lucemque
687 1010 773 1051 diei
793 1010 884 1053 fere
905 1011 1194 1066 perdiderunt
1242 1040 1253 1064 ,
1298 1012 1361 1052 ita
1382 1022 1432 1054 vt

217 1077 368 1131 „plebs
387 1077 485 1118 satis
513 1076 714 1131 potuerit
747 1077 1051 1130 expauescere.
1156 1077 1355 1118 Pertinet
1379 1077 1433 1118 ad

218 1142 330 1192 „hos
367 1143 524 1183 tractus
547 1142 750 1182 laterales
784 1142 917 1195 Lycia
943 1170 955 1194 ,
992 1140 1236 1196 pamphilia
1262 1169 1275 1195 ,
1329 1154 1432 1196 pars

217 1204 460 1257 „Phrygiae
482 1207 663 1247 maioris
682 1207 875 1260 itemque
895 1206 1115 1249 Galatiae.

269 1268 348 1310 Per
367 1268 661 1319 characteres,
683 1282 791 1322 quos
812 1270 990 1311 historia
1008 1269 1430 1323 suppedimuitmul-

151 1333 190 1374 la
210 1332 290 1373 alia
310 1332 476 1386 eclipsis
497 1335 620 1374 nobis
642 1342 898 1386 opportuna
920 1332 978 1374 est
1000 1344 1044 1374 et
1063 1333 1134 1375 vel
1160 1334 1428 1386 tolerabilis,

152 1410 279 1450 quam
301 1397 524 1439 Vsseriana
546 1408 590 1439 et
620 1397 893 1449 Maieriana3
928 1397 1065 1439 altera
1092 1398 1142 1440 ab
1171 1398 1309 1440 altera
1339 1411 1432 1440 nou

151 1472 314 1513 magno
337 1461 578 1504 interuallo
602 1461 737 1502 distat.
807 1461 934 1503 Illam
956 1473 1107 1503 tamen
1136 1475 1216 1503 nos
1239 1474 1430 1518 oportet

151 1525 346 1567 abdicare
391 1554 402 1578 ‚
440 1525 550 1566 hanc
572 1535 619 1567 vt
639 1538 791 1567 veram
821 1526 953 1580 sequi.
1035 1526 1162 1568 Nunc
1181 1528 1283 1568 yide
1329 1556 1340 1579 ,
1377 1539 1429 1570 vt

152 1589 409 1643 Scytharum
427 1603 496 1632 res
516 1590 593 1630 suis
615 1590 738 1631 annis
774 1589 996 1643 definiam.
1083 1593 1139 1634 A.
1162 1592 1201 1633 P.
1222 1593 1260 1634 Ι,
1279 1607 1336 1645 41
1353 1608 1370 1633 1
1388 1608 1429 1635 1,

152 1653 259 1696 Maii
282 1667 354 1706 17.
375 1667 515 1709 pugna
536 1657 653 1696 inter
682 1648 935 1710 Cyaxarem
963 1665 1006 1695 et
1033 1655 1252 1710 Alyatten
1301 1670 1428 1698 com-

150 1718 271 1758 miffa
289 1719 346 1760 est
393 1748 404 1771 ,
459 1733 586 1775 quam
609 1719 685 1761 lux
702 1719 803 1762 solis
824 1721 1047 1761 obscurata
1068 1732 1170 1764 ante
1192 1723 1428 1763 meridiem

150 1782 269 1822 inter
303 1783 458 1826 horam
497 1799 541 1837 9.
572 1795 616 1826 et
641 1799 717 1830 10·
755 1786 952 1826 diremit.
1021 1785 1135 1827 Tum
1157 1799 1270 1828 vero
1293 1798 1429 1829 annue

148 1846 292 1888 sextus
318 1848 418 1889 belli
441 1851 558 1891 inter
580 1849 740 1892 Medos
765 1859 807 1890 et
825 1850 992 1903 Lydios
1011 1848 1184 1890 inierat.
1255 1850 1428 1904 Coepit

150 1911 281 1962 igitur
300 1912 458 1955 bellum
496 1914 551 1955 ob
590 1913 773 1967 Scythas
802 1913 1058 1967 transfugas,
1080 1916 1133 1955 A.
1156 1915 1200 1956 P,
1218 1915 1252 1957 1.
1274 1920 1426 1968 4106,

150 1976 341 2017 ineunte.
440 1980 558 2020 Ante
585 1980 691 2020 illud
708 1978 872 2020 bellum
892 1979 1031 2021 Ninus
1054 1979 1152 2020 vrbs
1173 1990 1300 2034 capta
1322 1980 1379 2021 est
1402 1993 1427 2021 2³.

150 2040 364 2092 cyaxare.
433 2044 647 2085 Pon-amus
668 2054 844 2098 captam
863 2045 917 2086 A,
941 2042 1037 2085 1³01,
1063 2056 1214 2096 4105,
1239 2056 1282 2086 et
1304 2057 1425 2086 anno

149 2104 310 2149 eodem
345 2105 526 2161 Scythas
545 2108 795 2167 ¹transfugas
836 2119 907 2150 aut
934 2108 1149 2161 supplices
1185 2109 1348 2150 veniffe
1371 2110 1425 2149 ad

1306 2174 1339 2215 C
1347 2187 1370 2224 ῥ’
1379 2187 1422 2211 st·-
