2013 2719
629 159 996 210 SCYTHICAE.
1356 182 1383 220 v:3
1397 178 1456 220 59

175 275 303 331 super
326 270 478 317 defixis
500 271 552 314 ad
572 281 774 314 extrema
793 271 929 313 loculi
948 269 1117 326 spiculis
1144 271 1261 326 ligna
1283 301 1293 324 ‚
1336 273 1460 326 super

177 342 307 395 lignis
337 340 474 382 vestes
501 338 743 392 ponebant.
865 338 996 394 Quod
1026 338 1213 391 spatium
1234 338 1278 377 in
1307 338 1459 380 scrobe

176 419 360 447 vacuum
384 413 502 453 erat,
545 414 599 444 eo
620 400 828 456 pellicem
847 414 980 442 Vnam
1001 401 1312 454 strangulatam
1350 415 1460 444 con·

177 472 383 513 iicicbant
407 477 450 508 et
474 468 732 521 pincernam
752 466 923 518 regium
946 476 989 505 et
1010 478 1200 520 coquum
1224 478 1267 507 et
1291 468 1461 521 equiso-

178 548 281 578 ncm
323 544 366 575 et
404 531 646 573 ministrum
678 540 722 570 et
744 531 1071 572 internuncium
1094 558 1104 581 ,
1144 541 1238 572 tum
1261 545 1394 585 equos
1417 541 1460 573 et

178 600 361 642 aliarum
380 608 523 639 rerum
545 595 760 649 primitias
781 605 824 637 ct
845 608 993 636 aureas
1007 594 1187 648 phialas.
1254 595 1461 652 Denique

179 664 384 705 certatim
406 673 557 701 omnes
576 660 836 712 ingerebant
858 660 1064 710 humum,
1105 670 1152 701 vt
1175 661 1364 702 tumulus
1395 674 1459 702 es-

177 729 238 770 set
261 738 383 783 quam
403 724 697 778 amplissimus.
784 727 921 766 Anno
941 725 1207 766 circumacto
1235 738 1256 765 e
1287 726 1459 767 famuli-

179 794 248 834 tio
272 791 392 846 regio
414 789 656 841 aptiffimos
682 788 735 829 ad
759 789 1099 843 quinquaginta,
1139 790 1353 843 ingenuos
1375 790 1459 831 ho-

176 858 314 900 mines
343 852 544 906 Scythas,
586 854 659 906 qui
680 852 778 892 soli-5
800 854 972 906 regibus
997 854 1238 896 seruiebant
1263 882 1275 905 ‚
1317 854 1370 896 ad
1392 865 1460 895 tu-

175 921 340 962 mulum
363 915 677 969 strangulabant
702 926 748 957 et
778 918 972 957 totidem
999 931 1146 971 equos.
1216 919 1461 962 Visceribus

177 984 395 1032 exemtis,
435 981 656 1035 paleisque
679 994 836 1022 eorum
859 981 960 1021 ioco
986 982 1205 1036 impositis
1228 1010 1240 1033 ‚
1278 984 1458 1024 consue-

171 1044 274 1087 bant
293 1045 445 1087 latera.
547 1046 642 1088 Iam
668 1047 711 1087 in
735 1045 892 1087 tumuli
916 1058 1043 1100 parte
1065 1046 1201 1087 altera
1223 1075 1233 1098 ,
1272 1049 1460 1103 quinque

169 1121 213 1151 et
236 1111 395 1164 viginti
417 1123 551 1165 equos
575 1111 842 1163 statuebant,
884 1112 945 1154 ita
969 1122 1017 1153 vt
1047 1112 1171 1165 super
1192 1111 1349 1154 duabus
1370 1122 1460 1154 tra-

169 1172 287 1216 bibus
307 1177 582 1217 anteriorum
607 1177 768 1230 pedum
789 1189 914 1218 crura
936 1177 1244 1230 dependerent
1265 1206 1275 1229 ‚
1314 1177 1459 1218 femo-

170 1250 217 1278 ra
238 1239 286 1279 ab
307 1239 398 1279 aliis
416 1239 543 1293 lignis
564 1241 822 1295 depreffiori
849 1243 957 1283 loco
988 1242 1301 1295 defigerentur.
1379 1243 1460 1285 Per

169 1304 361 1343 ceruices
382 1307 569 1347 traiec'tis
609 1305 717 1359 palis
754 1315 797 1344 et
819 1305 1025 1345 lateribus
1050 1318 1223 1359 quoque
1255 1305 1456 1358 firmatis,

169 1379 261 1408 vno
283 1368 325 1408 in
350 1368 495 1422 stipite
519 1371 714 1410 medium
739 1381 817 1421 per
840 1382 996 1422 equum
1018 1371 1115 1410 ac'to
1139 1371 1458 1424 imponebatur

166 1431 258 1474 suus
281 1433 433 1486 cuique
454 1445 581 1486 eques
613 1461 624 1485 ‚
667 1434 726 1473 ita
748 1443 795 1474 vt
819 1433 946 1487 stipes
968 1446 1047 1487 per
1070 1435 1237 1488 spinam
1259 1435 1375 1477 dorsi
1405 1436 1459 1477 ad

171 1497 392 1537 ceruicem
455 1499 607 1551 equitis
662 1498 884 1540 tenderet.
1000 1499 1198 1552 Capistra
1262 1501 1315 1541 ad
1367 1509 1458 1542 tra-

169 1560 269 1602 bem
294 1574 371 1615 per
395 1573 609 1615 equorum
630 1563 852 1603 ceruicem
884 1563 1113 1605 traice-am
1153 1563 1457 1617 alligabantur.

167 1624 295 1668 Parte
315 1625 451 1667 altera
472 1625 628 1668 tumuli
650 1655 660 1677 ,
703 1627 774 1667 alii
814 1629 981 1681 equites
1006 1629 1167 1669 eodem
1196 1630 1337 1671 modo
1361 1631 1456 1672 col·

166 1691 438 1732 locabantur.
503 1692 606 1734 Eius
628 1692 768 1733 moris
790 1691 953 1747 aliquid
977 1694 1090 1747 apud
1102 1694 1456 1737 Prutenosvete-

166 1767 236 1796 res
259 1765 302 1795 et
323 1755 562 1798 Lithuanos
584 1756 756 1799 mansit.
828 1757 1017 1811 Scythae
1039 1759 1271 1801 Nomades
1291 1760 1457 1802 seuRe-

167 1820 229 1873 gii
247 1830 422 1861 ceteros
442 1821 623 1875 Scythas
643 1831 866 1876 tamquam
886 1823 1032 1864 seruos
1054 1823 1149 1863 suos
1171 1824 1455 1878 contempse-

167 1894 282 1924 runt.
324 1887 392 1937 (6)
426 1886 595 1927 Tamen
615 1888 749 1929 etiam
770 1888 909 1928 ceteri
929 1888 1025 1928 suos
1048 1887 1290 1931 habuerunt
1313 1901 1453 1942 reges:

165 1949 554 2005 'Iauri2Agathyrsr
570 1980 582 2003 ,
623 1951 961 2002 Neuri7Geloni
984 1980 994 2002 ,
1019 1953 1191 2004 Rudini,
1215 1963 1258 1995 et
1277 1955 1454 2009 quinon

171 2024 295 2055 erant
318 2014 501 2069 Scythae
520 2044 533 2070 ,
574 2017 923 2069 Melanchlaeni‚
947 2017 1266 2073 Androphagi,
1291 2018 1452 2064 Sauro-

169 2075 288 2122 Tom.
306 2079 386 2122 111.
857 2084 899 2126 A
913 2095 934 2124 a
947 2096 971 2125 a
1355 2096 1451 2126 ma-

245 2239 295 2281 (6)
320 2241 340 2274 1.
359 2242 413 2274 IV.
437 2248 487 2282 79·
