2013 2719
554 155 672 204 PER
709 154 994 204 RADICES.
1359 166 1455 216 267

299 285 342 323 4.
412 268 658 310 Occurrunt
677 268 816 323 Fungi
860 295 872 320 ,
913 266 985 322 qui
1006 265 1215 322 pediculis
1234 279 1396 324 repunt
1416 279 1462 311 et

185 335 286 376 hinc
307 332 407 375 inde
428 333 593 374 radices
613 343 745 387 agunt
765 344 809 375 et
830 345 974 373 nouos
994 334 1270 388 producunt,
1306 335 1462 377 vtiob-

183 400 398 440 seruamus
418 398 460 437 in
485 397 643 452 plantis
661 397 879 439 cauliculis
890 399 1159 451 repentibus.
1229 399 1462 442 Talessunt

184 466 317 517 Fungi
339 463 459 517 parui
480 463 561 504 albi
588 475 643 503 ex
677 474 797 502 cono
817 461 988 503 Abietis
1006 463 1160 504 rubrae
1181 464 1353 507 deiecto
1386 478 1463 506 na·

185 531 219 570 ti
233 557 244 579 ,
284 539 392 582 quos
410 526 706 580 descripsimus
726 527 769 566 in
783 527 915 570 Cent.
934 526 968 568 Ι.
988 526 1124 568 Plant.
1146 529 1286 570 minus
1304 530 1460 583 cogui-

187 605 330 635 tarum
354 601 418 644 3et
438 591 582 645 plures
602 591 729 632 aliiin
752 590 880 646 lignis
892 592 1078 645 putridis
1093 603 1136 633 et
1148 591 1264 633 soliis
1284 594 1461 635 nascen-

187 669 281 710 tes,
319 668 427 710 quos
448 668 602 700 omnes
620 656 766 697 radice
783 659 823 698 ie
847 668 1099 711 propagare
1118 669 1204 712 pro
1233 668 1362 700 certo
1383 671 1462 700 co-

184 723 430 777 gnouimus.

301 787 415 828 Haec
432 783 657 839 sunt,quae
678 785 730 825 de
750 786 1002 840 Fungorum
1032 788 1361 840 propagatione
1382 800 1463 842 per

184 853 347 894 radices
366 859 563 890 accurata
593 858 636 888 et
662 849 826 903 saepius
847 850 1041 902 repetita
1065 851 1374 893 obseruatione
1399 854 1463 894 di-

186 918 375 958 dicimus.
443 912 824 955 Commendamus
850 913 1168 968 Botanophilis
1194 916 1462 958 vlteriorem

184 982 412 1033 fungorum
434 977 767 1030 indagationem
786 1005 798 1029 ‚
837 978 1043 1032 inprimis
1066 1007 1077 1030 ,
1114 980 1289 1034 quando
1311 982 1462 1023 oriun-

182 1055 250 1085 tur
272 1052 316 1083 et
335 1041 509 1097 quando
532 1052 734 1096 pereunt.
804 1043 985 1086 Nullum
1013 1046 1134 1086 enim
1164 1045 1221 1085 est
1258 1046 1461 1096 dubium,

181 1108 494 1163 plerorumque
517 1107 610 1148 imo
632 1107 810 1149 forsitan
833 1108 1033 1149 omnium
1053 1109 1395 1163 generationem
1407 1109 1462 1150 fic

182 1171 303 1226 posse
326 1172 628 1213 demonstrari.
646 1173 776 1230 Quod
796 1172 898 1214 siita
912 1172 983 1225 est,
1008 1186 1163 1216 omnes
1184 1175 1461 1229 istiscrupuli‚

183 1236 253 1290 qui
272 1235 475 1276 haetenus
513 1238 678 1277 multos
708 1238 760 1277 de
788 1237 972 1278 seminio
993 1248 1036 1278 et
1057 1242 1350 1293 generatione
1370 1239 1464 1281 fun-

184 1311 343 1353 gorum
362 1297 577 1340 sollicitos
596 1301 843 1349 torserunt,
864 1300 1015 1341 sublati
1032 1302 1141 1342 sunt.

540 1423 579 1466 E
585 1425 763 1480 xplicati
765 1438 785 1466 0
821 1424 860 1467 F
859 1428 1093 1480 t'gurarum.

298 1491 387 1545 Fig.
417 1503 457 1531 1.
526 1490 693 1544 Fungus
719 1489 932 1533 Bufonius
961 1492 1219 1535 orbicularis
1247 1494 1298 1539 C.
1317 1494 1366 1539 B.
1397 1497 1461 1538 iu-

596 1567 713 1595 mor,

419 1632 460 1660 2.
526 1618 653 1661 Idem
673 1619 817 1661 radice
839 1621 995 1663 andrus.

419 1698 460 1737 3.
526 1684 696 1737 Fungus
740 1684 934 1738 palustris
975 1686 1172 1741 capitulo
1224 1688 1460 1744 pustulam,

591 1747 838 1803 longissime
860 1751 1087 1793 radicatus.

418 1828 460 1865 4.
529 1813 699 1867 Fungus
726 1816 876 1856 minor
900 1814 1032 1857 fuscus
1060 1816 1256 1871 capitulo
1278 1819 1459 1871 comeo,

596 1891 695 1920 cum
717 1879 876 1920 radice.

422 1952 462 1993 ς.
529 1942 698 1997 Fungus
732 1943 997 1998 pernitiosus
1034 1957 1090 1986 ex
1125 1959 1217 1987 vno
1252 1947 1459 2000 pediculo

591 2008 829 2063 multiplex
839 2009 1049 2050 TournefI
1061 2010 1159 2052 Inst.
1173 2025 1270 2053 cum
1285 2023 1424 2066 parte.

413 2075 455 2113 6.
523 2072 707 2115 Boletus
726 2076 923 2115 cerninus
947 2073 1248 2127 officinarum,
1272 2090 1370 2119 cum
1391 2090 1460 2119 ra-

598 2138 772 2189 dicibus,
791 2152 891 2193 quas
908 2141 1121 2182 vetustior
1142 2143 1338 2196 acquirit.

718 2203 821 2244 Mm
860 2218 883 2255 3
1377 2206 1459 2248 DE
