2013 2719
373 1279 441 1318 Fig.
461 1286 512 1312 22.

574 214 631 257 ἐς
644 208 669 249 8
1047 197 1135 246 DE
1171 198 1396 246 RADHS

572 312 639 356 xis
658 311 701 351 in
721 306 856 350 altera
873 316 999 363 parte
1017 311 1095 361 (A)
1115 310 1160 351 in
1178 310 1314 351 altera
1334 310 1560 363 concauis,
1599 311 1669 364 (B)
1689 324 1842 356 mutuo

572 376 657 421 sese
692 374 1014 428 recipientibus.
1117 375 1196 416 Per
1223 373 1377 416 harum
1404 375 1599 417 medium
1626 378 1839 434 transitfi-

571 437 797 496 phunculus
822 442 910 490 (aa)
932 438 1087 480 eadem
1130 452 1211 494 qua
1230 438 1341 494 lapis
1365 439 1587 482 conflatur
1608 468 1620 490 ‚
1661 444 1842 484 materia

574 502 776 546 refertus.
844 503 885 546 Is
908 516 998 545 non
1016 504 1060 544 in
1083 504 1281 545 omnibus
1300 503 1518 559 speciebus
1535 504 1630 546 satis
1651 504 1840 549 distinete

571 578 760 622 apparet
778 595 790 619 ‚
828 567 921 608 imo
939 569 983 610 in
1007 568 1203 622 plurimis
1222 570 1351 622 plane
1372 567 1628 613 obliteratus
1648 570 1732 619 est,
1765 583 1842 613 ceu

569 631 845 687 fiphunculus
863 631 1025 674 alueoli
1043 632 1333 676 Belemnitae.
1436 633 1608 676 Exinde
1630 634 1839 687 coniici0‚

570 695 653 738 huc
707 706 751 737 et
808 698 1033 750 pertinere
1079 709 1177 739 eam
1201 697 1421 752 speciem,
1467 711 1593 752 qnam
1613 697 1666 739 fic
1689 698 1842 740 descri-

571 761 636 802 bit
657 760 858 804 Mellius:
897 787 925 813 „
963 762 1084 813 Alia,
1120 762 1224 803 licet
1244 764 1430 804 canitate
1450 773 1646 815 careant,
1674 763 1767 804 sunt
1808 791 1838 816 7,

576 836 727 867 tamen
750 825 1000 877 articulata,
1017 836 1059 867 et
1080 826 1358 869 alneolorum
1375 829 1419 870 in
1440 840 1615 870 morem
1634 839 1689 869 ex
1708 826 1839 881 plu-7,

570 891 692 931 rimis
710 890 821 944 quasi
844 890 1016 943 patellis
1034 892 1441 948 constant7quarum
1468 902 1615 947 partes
1644 904 1842 944 conue-,‚

571 966 655 996 xae
675 954 1019 995 incumbentium
1041 956 1232 1008 partibus
1250 959 1452 999 concauis
1479 959 1662 999 insertae
1686 955 1792 999 sunt.
1813 984 1842 1010 7,

572 1019 644 1060 An
664 1016 1061 1059 forteBelemnitae
1075 1022 1610 1070 congenercylmdmceus
1630 1020 1844 1075 lapisma-

574 1079 755 1121 iusculus
779 1107 789 1129 ‚
831 1079 1094 1132 Volgiolum
1115 1080 1384 1121 terebratum
1405 1083 1535 1122 dietus
1552 1084 1671 1121 Luid.
1694 1084 1721 1120 1.
1741 1096 1775 1121 c.
1787 1084 1845 1123 N.

578 1155 706 1195 1747
747 1139 762 1182 ἓ
801 1143 966 1196 Inspice
987 1144 1121 1184 etiam
1141 1143 1324 1197 figuram
1340 1144 1442 1184 Tab.
1472 1142 1687 1186 XXVIII.
1733 1145 1846 1197 apud

575 1207 908 1248 Volkmannum
933 1207 957 1246 l.
979 1219 1014 1246 c.

694 1283 768 1310 22.
836 1270 905 1311 Est
941 1269 1075 1308 adhuc
1110 1268 1253 1309 radius
1284 1268 1488 1320 quidum,
1535 1267 1676 1320 priori
1700 1267 1845 1320 quoad

576 1334 727 1374 omnia
753 1331 843 1372 fere
871 1331 1046 1382 similis,
1086 1331 1154 1371 sed
1183 1330 1400 1370 articulati
1422 1329 1561 1370 saltim
1573 1327 1690 1384 facie
1708 1344 1843 1384 appa-

573 1410 685 1438 rens.
751 1396 877 1438 Loco
906 1397 1022 1436 enim
1052 1394 1313 1448 patellarum
1342 1392 1673 1448 conspiciuntur
1700 1395 1848 1435 annuli

579 1461 753 1514 qnidam
794 1461 1039 1500 eminentes
1058 1458 1193 1510 (hbbh)
1220 1459 1474 1511 serpentino
1502 1458 1612 1513 quasi
1634 1458 1757 1500 dne'tu
1777 1457 1847 1500 vel

575 1525 666 1566 fere
685 1524 882 1565 circulari
904 1533 1049 1563 totum
1068 1524 1291 1575 cingentes
1308 1523 1502 1575 lapidem
1541 1549 1552 1572 ‚
1592 1523 1710 1562 inter
1735 1535 1844 1577 qno—

573 1602 671 1630 rum
693 1589 798 1628 duos
816 1585 1093 1638 superficialis
1111 1586 1286 1639 quidam
1306 1585 1414 1626 sinus
1433 1584 1604 1627 relictus
1636 1585 1705 1626 cst.
1773 1586 1845 1628 De

575 1663 729 1693 cetero
767 1649 969 1691 craffities
1001 1649 1086 1690 eius
1134 1677 1145 1700 ,
1186 1661 1272 1704 quo
1300 1650 1433 1702 magis
1451 1650 1493 1689 in
1515 1649 1842 1702 longitudinem

577 1716 795 1766 excurrit,
837 1714 973 1755 minui
992 1714 1177 1755 videtur.
1245 1714 1295 1755 In
1316 1714 1450 1755 altera
1473 1713 1528 1753 sui
1558 1716 1845 1756 extremitate

575 1783 663 1831 (aa)
680 1791 901 1820 connexus
920 1778 997 1830 est,
1019 1778 1070 1819 ad
1089 1778 1272 1819 modum
1295 1778 1552 1831 patellarum
1576 1779 1843 1831 praeceden-

579 1845 691 1885 tium
712 1844 966 1894 radiorum,
1004 1842 1185 1897 huicque
1205 1856 1431 1883 connexae
1459 1844 1571 1896 parti
1590 1842 1843 1896 fiphunculo

578 1911 634 1960 (c)
659 1908 858 1961 pertusae
889 1935 899 1958 ,
957 1908 1010 1948 de
1038 1918 1191 1948 cetero
1225 1906 1501 1961 politiffimae
1546 1935 1556 1957 ‚
1602 1907 1847 1958 fragmenta

578 1971 679 2013 hinc
699 1973 799 2012 inde
828 1972 1064 2013 adhaerent
1086 1973 1226 2012 tenuis
1246 1972 1463 2012 ciiitudaim
1490 1981 1532 2011 et
1560 1969 1844 2011 subtiliffimne

579 2037 762 2086 crustae,
802 2037 952 2077 testam
976 2035 1065 2077 fere
1086 2037 1243 2077 dixeris
1289 2063 1299 2085 ‚
1348 2048 1453 2089 quae
1474 2046 1517 2077 et
1542 2036 1585 2075 in
1605 2035 1766 2088 reliqua
1785 2034 1845 2075 la-

581 2101 692 2154 pidis
709 2100 933 2153 superficie
954 2102 1199 2154 quibusdam
1219 2099 1327 2140 locis
1346 2111 1465 2141 extat
1494 2129 1503 2150 ‚
1558 2099 1615 2139 ob
1634 2100 1846 2140 tenerita-

584 2177 674 2205 tem
698 2163 808 2205 fitam
830 2164 973 2218 figuris
988 2178 1077 2206 non
1093 2165 1398 2219 exprimenda.
1470 2164 1706 2206 Substantia
1728 2162 1848 2203 huius

1741 2226 1850 2268 radii
