2013 2719
270 199 1234 249 DIFFERENTIO-DIFFERENTIAL.
1343 219 1361 246 1
1377 216 1432 258 25

156 322 256 356 runt
283 341 296 367 ,
332 312 450 368 quod
479 310 791 353 desiderabant.
870 311 986 355 Cum
1015 321 1160 353 autem
1188 311 1437 365 integratio

155 377 229 420 vel
250 378 424 432 prorsus
444 376 746 430 impossibilis,
783 375 855 419 vel
876 377 1028 417 saltem
1062 376 1286 418 difficilior
1312 377 1438 417 vide-

158 453 250 495 tur,
284 452 502 483 conantur
524 454 592 482 eas
614 442 666 482 ad
687 441 1001 483 differentiales
1031 443 1165 495 primi
1183 442 1339 495 gradus
1368 454 1437 481 re-

159 509 317 549 ducere
339 525 351 560 3
387 509 553 561 quippe
575 506 626 546 de
648 507 796 560 quibus
815 505 977 546 facilius
999 506 1178 548 iudicari
1199 507 1361 561 potest,
1387 519 1441 548 an

159 572 351 614 construi
371 582 529 627 queant
560 585 573 622 3
613 571 839 626 nullaeque
859 571 1144 624 aequationes
1166 572 1439 612 differentia-
1479 604 1492 613 .

160 637 250 689 les,
273 636 348 681 nisi
368 636 501 690 primi
519 636 697 689 gradus,
722 636 859 677 adhuc
879 637 1071 688 cognitis
1090 635 1438 676 methodiscon-

163 702 264 743 strui
282 700 457 755 poffint.
526 701 656 758 Quod
679 701 731 742 ad
750 700 856 742 illud
877 701 1062 752 attinet,
1101 701 1155 743 de
1178 713 1233 742 eo
1255 699 1334 741 hac
1357 700 1442 741 dis-

161 767 400 807 sertatione
422 764 642 818 explicare
668 777 757 805 non
779 766 835 806 est
858 765 1142 819 propositum
1164 781 1177 817 ·‚
1206 765 1441 820 quomodo

163 841 311 871 autem
332 830 616 882 aequationes
639 829 953 871 differentiales
985 829 1197 870 altiorum
1227 831 1440 883 graduum

169 894 427 950 praesertim
463 905 574 934 vero
631 894 804 934 secundi
851 894 903 933 ad
943 893 1261 936 differentiales
1307 895 1443 948 primi

162 960 313 1013 gradus
334 958 413 998 fint
434 958 731 1009 reducendae,
768 958 1034 998 methodum
1062 960 1279 1012 quandam
1302 959 1443 999 adhuc

160 1022 406 1064 inusitatam
444 1050 455 1073 ,
499 1032 543 1062 et
563 1034 671 1077 quae
708 1021 908 1064 latiffime
943 1032 1069 1078 patet
1098 1023 1142 1062 in
1165 1023 1442 1078 sequentibus

159 1087 248 1128 sum
271 1085 563 1142 expositurus.

283 1166 322 1192 2.
392 1151 487 1193 Iam
515 1152 691 1206 quidem
729 1152 1050 1206 saepenumero
1081 1151 1395 1194 Mathematici
1432 1181 1444 1205 ,

160 1217 333 1270 quando
356 1217 638 1270 aequ-„itiones
668 1216 982 1258 differentiales
1012 1218 1185 1258 secundi
1212 1217 1283 1259 vel
1310 1217 1444 1259 altio—

166 1292 262 1318 rum
284 1280 493 1330 graduum
523 1292 832 1331 occurrerunt,
853 1295 921 1322 eas
943 1282 994 1321 ad
1015 1282 1333 1323 differentiales
1353 1282 1439 1335 pri-

169 1342 229 1380 mi
249 1341 402 1392 gradus
425 1342 715 1391 reduxerunt,
753 1353 881 1394 atque
904 1344 1061 1383 deinde
1085 1347 1447 1397 construxerunt3

168 1402 543 1457 quemadmodum
576 1405 727 1445 videre
761 1403 864 1445 licet
895 1406 938 1444 in
960 1407 1352 1449 constructionibus
1374 1422 1443 1449 ca-

168 1466 905 1519 tenariae,elasticae‚proiectoriae
930 1469 972 1507 in
1014 1472 1163 1511 medio
1184 1484 1445 1527 quocunque

166 1530 376 1570 resistenti
394 1527 667 1584 pluriumque
686 1528 869 1570 aliarum
891 1543 1142 1584 curu-arum,
1175 1548 1357 1588 quarum
1373 1550 1442 1576 ae-

161 1594 392 1648 quationes
414 1593 561 1646 primo
582 1593 898 1635 differentiales
918 1595 1091 1637 secundi
1110 1598 1182 1639 vel
1202 1601 1324 1640 tertii
1345 1613 1444 1653 gra-

168 1658 242 1699 dus
260 1657 353 1698 sunt
374 1658 592 1699 inuentae.
660 1658 893 1714 Pleraeque
919 1661 1097 1715 quidem
1128 1675 1276 1704 earum
1303 1666 1446 1719 reipsa

166 1721 444 1775 integrabiles
480 1722 573 1764 sunt
600 1752 611 1776 ‚
647 1723 719 1764 sed
751 1735 906 1765 tamen
937 1738 1006 1766 cas
1025 1724 1188 1768 facilius
1210 1739 1304 1770 erat
1328 1730 1442 1772 inte-

167 1799 293 1840 grare
314 1813 324 1837 ,
367 1786 592 1842 postquam
612 1790 664 1830 ad
684 1788 998 1831 differentiales
1022 1792 1155 1844 primi
1177 1794 1332 1845 gradus
1352 1794 1443 1836 fue-

165 1859 264 1892 rant
289 1850 500 1893 reductae.
568 1853 732 1895 Earum
751 1863 899 1895 autem
919 1856 1229 1909 aequationum
1250 1860 1444 1900 ratioita

169 1915 226 1955 est
245 1926 500 1970 comparata
529 1946 540 1969 ‚
578 1928 627 1960 vt
654 1918 726 1960 vel
752 1928 934 1973 Vtraque
962 1919 1033 1961 vel
1053 1919 1207 1963 saltem
1231 1921 1442 1964 alterutra

171 1978 508 2022 indeterminata
530 1983 618 2037 ipsa
637 1982 766 2036 defit,
795 1996 946 2024 earum
968 1986 1112 2027 eiusne
1133 1985 1441 2029 differentiali-

171 2042 244 2083 bus
263 2053 306 2086 et
336 2045 584 2088 differentio
606 2071 624 2078 -
646 2047 1005 2091 differentialibus
1031 2051 1314 2105 aequationes
1343 2064 1440 2094 tan-

174 2115 265 2150 tum
285 2110 638 2164 ingredientibus.

290 2187 331 2227 3-
401 2175 446 2219 Si
466 2186 612 2220 autem
629 2178 675 2220 in
704 2178 967 2233 aequatione
996 2178 1253 2224 differentio
1273 2203 1291 2210 -
1313 2179 1440 2222 diffe-

755 2244 806 2302 Q
835 2257 859 2296 3
1336 2257 1436 2285 ren-
