2013 2719
273 165 362 213 DE
396 163 683 212 EFFECTV
714 162 843 208 CAL.
885 162 1014 209 VEL
1048 162 1214 210 FRJG.
1251 166 1334 208 ecc.
1377 181 1472 221 243

193 277 362 329 frigore
397 274 655 317 condensati
688 287 730 316 v.
767 271 1014 315 Memorias
1038 273 1172 316 Acad.
1199 274 1315 317 Paris
1338 273 1391 315 ad
1419 276 1477 318 A.

201 344 546 394 1710.p.563.
1468 346 1473 351 ”

317 451 361 489 3.
432 435 538 478 Sunt
557 433 662 476 haec
682 433 830 489 paffim
852 435 1034 488 cognita
1061 436 1285 488 Eruditis,
1330 446 1374 478 et
1402 448 1479 491 ap-

196 502 411 558 probata:
437 500 589 554 Itaque
616 501 661 540 in
681 512 779 540 mea
799 499 851 539 de
871 499 1150 542 Barometris
1170 501 1480 543 dissertatione

195 565 518 609 antecessorum
557 565 718 605 tradita
740 563 827 604 fine
854 565 1062 606 vlteriori
1083 566 1290 606 cautione
1311 566 1482 608 secutus

195 632 396 683 fueram3
432 631 575 671 donec
597 631 685 670 eius
714 628 1018 683 phaenomeni
1037 630 1200 672 veritas
1219 631 1264 670 in
1303 630 1481 673 dubium

139 708 141 711 ’
196 705 434 738 vocaretur
453 707 475 734 a
499 692 606 735 Viro
625 694 845 749 industrio,
886 695 1014 747 quise
1043 696 1301 749 experientia
1320 695 1479 736 dome-

197 762 298 803 stica
317 759 587 800 contrarium
608 758 941 813 deprehendisse
963 759 1209 800 testaretur.

313 873 356 909 4.
426 856 650 907 Repetitis
676 855 809 906 igitur
836 867 991 895 coram
1031 855 1259 898 Societate
1300 858 1480 910 experi-

200 922 356 965 mentis
373 920 669 973 cognouimus
686 931 781 959 rem
802 920 992 960 omnino
1020 919 1180 960 habere
1203 947 1213 969 ,
1255 921 1321 960 vti
1343 922 1481 962 tradi-

198 997 277 1027 tur.
348 983 594 1026 Successum
615 994 762 1025 autem
782 983 827 1024 in
855 985 1170 1026 tentaminibus
1199 984 1297 1025 Viri
1327 986 1482 1026 eximii

194 1050 376 1102 priuatis
414 1049 691 1091 contrarium
729 1061 784 1089 ex
813 1061 868 1090 eo
909 1059 1058 1091 ortum
1081 1049 1164 1090 effe
1196 1076 1207 1099 ‚
1247 1049 1367 1102 quod
1389 1062 1481 1090 non

192 1113 333 1154 fuisset
354 1114 575 1155 subitanea
613 1112 789 1166 frigoris
813 1124 856 1154 et
894 1115 1053 1155 caloris
1088 1114 1330 1155 alternatio
1359 1141 1370 1164 ,
1411 1115 1483 1155 sed

195 1178 316 1218 lenta
345 1178 486 1219 solum
506 1177 717 1222 succeffiO.
756 1192 795 1220 v.
821 1179 1287 1223 Commentar.Acad.
1309 1179 1482 1223 nostrae

194 1242 328 1282 Tom.
346 1243 382 1284 Ι,
403 1257 445 1297 p.
470 1257 580 1294 332.

320 1350 360 1389 5.
429 1337 501 1379 De
523 1335 653 1395 cauffa
678 1338 980 1391 experimenti
1008 1338 1123 1381 nulla
1152 1339 1260 1380 mihi
1292 1353 1482 1395 vnquam

199 1403 415 1443 dubitatio
436 1402 512 1443 fuit
534 1416 540 1441 :
581 1403 658 1443 etsi
681 1415 771 1443 non
791 1404 1049 1456 ignorarem
1082 1431 1093 1454 ,
1133 1405 1233 1458 quid
1252 1402 1482 1459 G0d0s1·ed0

196 1466 394 1508 visumfit
414 1468 458 1505 in
477 1466 713 1508 Memor-iis
732 1468 868 1508 Acad.
884 1467 1186 1509 Scient.Paris.
1209 1470 1260 1509 ad
1281 1472 1335 1511 A.
1350 1482 1478 1521 1700

200 1545 242 1586 p.
270 1546 287 1571 1
303 1544 377 1583 53.
405 1545 422 1570 1
437 1543 512 1584 54.
616 1531 797 1572 Motum
827 1530 883 1571 est
912 1532 1089 1573 dubium
1110 1532 1158 1572 ab
1179 1533 1343 1574 eodem
1365 1535 1479 1575 Viro

199 1597 378 1650 egregio
423 1624 434 1648 ,
491 1596 561 1650 qui
580 1595 751 1650 culpam
771 1596 933 1650 liquori
955 1596 1104 1650 potius
1134 1624 1146 1648 ,
1201 1610 1331 1652 quam
1358 1599 1480 1640 vitro

202 1660 483 1701 transcribere
506 1661 671 1702 maluit.
776 1661 926 1702 Visum
951 1662 1084 1716 igitur
1112 1689 1122 1712 ,
1158 1664 1479 1716 experimento

200 1725 273 1765 vel
299 1725 546 1766 conuellere
576 1725 648 1767 vel
675 1725 944 1766 confirmare
984 1736 1214 1780 receptam
1236 1754 1248 1779 ,
1289 1741 1419 1782 quam
1440 1723 1476 1773 §.

206 1803 245 1829 1.
262 1802 301 1828 2.
323 1790 438 1842 dixi,
475 1801 678 1833 veterum
696 1791 1001 1832 traditionem.

321 1892 364 1927 6.
430 1887 589 1930 Placuit
610 1889 742 1942 igitur
764 1888 957 1942 phialam
978 1888 1032 1928 fic
1051 1886 1286 1938 instruere,
1310 1894 1359 1927 vt
1370 1897 1480 1926 con-

203 1951 326 1992 trarii
346 1954 558 2006 prioribus
579 1953 755 1996 effeetus
773 1953 1121 2007 consequantur,
1145 1952 1173 1992 fi
1193 1965 1296 1993 vera
1319 1952 1374 1992 est
1386 1950 1480 1991 vul-

199 2016 311 2068 garis
352 2018 573 2071 expositio
594 2035 607 2070 ·‚
645 2030 689 2059 et
724 2030 772 2060 vt
795 2019 948 2058 eadem
971 2017 1253 2071 perseuercnt
1276 2015 1478 2070 phaeno-

202 2091 350 2133 mena,
390 2082 416 2122 si
437 2096 458 2124 a
474 2084 645 2139 liquore
664 2096 731 2124 res
752 2085 956 2137 pendeat.
1034 2082 1214 2132 Velim,
1252 2091 1299 2122 vt
1319 2082 1478 2122 Leno-

203 2146 498 2202 tesiudicent,
535 2149 637 2205 quid
658 2148 1081 2192 Phaenomenorum
1097 2148 1144 2190 in
1169 2146 1364 2203 sequenti
1386 2157 1476 2247 ugi-

1386 2221 1408 2247 c
1443 2219 1478 2250 i-
