2013 2719
638 178 1003 227 SCYTHICAE.
1343 192 1434 233 391

169 288 211 336 la
234 287 351 346 gessit
373 303 469 332 cum
490 289 726 332 Thracibus
745 300 789 331 et
809 289 949 332 Getis.
1053 287 1145 330 Illis
1172 287 1305 328 etiam
1328 295 1443 327 tem-

175 359 356 413 poribus
374 369 453 397 rex
471 355 731 410 Scytharum
751 355 950 406 Atheas,
990 363 1038 395 vt
1054 353 1183 395 Iulius
1209 352 1446 394 Frontinus

177 435 222 462 et
244 422 422 463 Iustinus
446 448 456 471 ‚
497 433 546 463 vt
585 432 696 460 vero
736 419 897 460 Strabo
937 430 980 459 et
1019 416 1286 467 Plutarchus,
1301 413 1450 465 Ατῖας

179 498 275 527 cum
296 486 480 527 Istrianis
503 484 662 524 bellum
683 484 846 523 habuit.
917 483 1057 523 Erant
1088 491 1233 523 autem
1261 481 1357 523 Istri
1381 488 1448 521 acs

180 549 513 600 colaesl'hraces
532 548 672 592 Getae
695 546 888 600 Odrysae
910 556 954 587 et
970 545 1165 587 Triballi.
1233 544 1449 596 Triballo,

179 614 295 657 solos
313 615 542 655 Frontinus
559 616 627 665 (3)
647 614 689 653 in
712 611 923 665 Scythico
943 610 1062 651 bello
1090 610 1306 651 nominat.
1331 610 1447 652 Cum

182 678 349 722 Atheas
369 678 554 719 hostium
577 676 852 719 multitudini
878 677 1098 730 imparem
1139 674 1179 715 se
1210 673 1451 727 senfit,per

183 743 521 797 Apollonienses
539 743 582 782 in
602 741 789 783 Thracia
808 741 860 781 ad
880 742 1072 782 Pontum
1093 738 1217 791 sitos,
1237 751 1335 780 cum
1351 738 1450 780 Phi·

183 808 311 862 lippo
331 806 420 858 egit
460 806 512 846 de
547 806 713 846 auxilio
757 805 976 855 ferendo,
1018 804 1062 843 in
1092 804 1213 857 spem
1236 802 1452 844 mercedis

184 870 413 926 proposita
439 871 686 922 adoptione
706 880 749 910 et
775 868 1035 910 succeffione
1053 869 1096 908 in
1119 880 1260 920 regno
1277 866 1453 920 Scythia

182 950 254 977 co,
324 934 539 988 Philippus
559 945 656 984 rex,
671 944 718 974 vt
739 933 947 974 Istrianos
967 946 989 973 a
1010 932 1184 985 Scythis
1207 941 1450 982 auerteret,

179 1001 442 1052 ,Byzantium
465 997 643 1039 obsedit.
711 998 769 1040 Et
787 996 973 1039 Triballi
993 997 1170 1050 quidem
1193 995 1367 1049 longius
1380 1008 1452 1037 re-

181 1064 281 1104 iecti
301 1073 441 1112 erant,
464 1075 590 1116 quam
607 1073 656 1104 vt
674 1062 880 1116 Byzantii
907 1060 1136 1103 obfidione
1158 1070 1452 1110 terrerentur,

180 1137 225 1167 at
246 1136 391 1167 totum
414 1140 579 1167 nomen
596 1127 858 1168 Thracicum
879 1154 891 1178 ,
932 1127 976 1167 in
996 1137 1083 1180 quo
1111 1125 1245 1166 etiam
1272 1123 1456 1167 Triballi

185 1201 229 1232 et
250 1190 441 1242 Odrysae
477 1202 521 1232 et
541 1191 684 1235 Getae
721 1192 1007 1233 censebantur
1041 1218 1053 1244 ,
1093 1190 1198 1230 noui
1226 1188 1359 1230 hostis
1380 1188 1454 1230 ad—

183 1264 322 1296 ·ventu
349 1256 609 1308 trepidabat.
679 1259 747 1309 (4)
771 1258 985 1306 Interim,
1025 1264 1074 1296 vt
1092 1254 1331 1295 Frontinus
1356 1266 1456 1295 nar·

186 1328 255 1361 rat
278 1345 289 1368 ,
329 1318 494 1361 Atheas
515 1334 595 1361 rex
612 1320 830 1361 Triballos
850 1330 1112 1372 ceterosque
1134 1317 1278 1359 socios
1305 1318 1457 1360 strata-

186 1393 364 1436 gemate
383 1385 583 1436 perculit.
623 1384 739 1426 Nam
760 1394 854 1425 tum
872 1383 1089 1424 foeminas
1109 1382 1334 1435 Scythicas
1361 1392 1457 1425 tum

159 1473 166 1477 -
190 1460 352 1501 pueros
372 1448 414 1488 in
437 1447 556 1488 asinis
582 1457 625 1487 et
644 1448 778 1488 bobus
800 1446 934 1488 hastas
954 1449 1117 1489 erectas
1138 1447 1457 1501 praeferreius-

189 1511 263 1562 sit,
304 1521 351 1551 vt
374 1513 560 1565 speciem
585 1513 804 1552 exercitus
821 1513 878 1552 sui
898 1522 1110 1564 augerent
1139 1540 1150 1563 ,
1189 1522 1284 1553 tum
1304 1524 1458 1553 rumo-

189 1589 285 1618 rem
306 1576 475 1628 sparsit,
501 1578 657 1617 auxilia
679 1577 728 1618 ab
751 1576 1035 1617 vlterioribus
1055 1576 1229 1628 Scythis
1259 1577 1459 1617 aduenis·-

192 1640 247 1681 se.
317 1640 383 1681 Sic
403 1640 544 1681 hostes
565 1640 663 1683 elusi
685 1641 724 1681 se
743 1651 1025 1694 receperunt.
1103 1640 1280 1682 Venere
1301 1641 1458 1681 deinde

192 1705 327 1757 legati
344 1705 529 1758 Philippi
560 1707 673 1759 regis
692 1707 743 1746 ad
768 1705 959 1747 Atheam
984 1706 1037 1746 de
1057 1705 1252 1746 foedere.
1293 1705 1461 1747 Atheas

195 1768 365 1821 legatos
384 1782 478 1810 cum
499 1781 731 1812 contemtu
752 1772 921 1824 accepit
942 1780 985 1810 et
1022 1783 1175 1824 equum
1205 1770 1356 1823 strigili
1381 1783 1459 1823 pe-

193 1835 312 1874 &ens
339 1834 658 1886 interrogauit,
702 1849 753 1876 an
786 1836 901 1876 idem
927 1834 1151 1887 Philippus
1177 1848 1257 1875 rex
1283 1833 1462 1885 faceret,

192 1901 262 1946 (5)
283 1898 416 1938 credo
436 1909 481 1939 vt
502 1899 796 1952 frugalitatem
820 1901 1062 1941 ostentaret
1091 1910 1134 1940 et
1162 1900 1358 1939 duratam
1383 1912 1458 1940 ex-

195 1963 458 2004 ercitatione
478 1966 705 2006 virtutem.
776 1964 984 2007 Nunciari
1007 1973 1152 2005 autem
1175 1962 1282 2005 iuffit
1309 1963 1460 2005 Mace-

199 2024 314 2068 Tom.
328 2027 409 2071 ΙΙΙ.
878 2030 913 2071 E
928 2041 984 2068 ee
1352 2028 1461 2069 doni

186 2150 873 2160 »μὴ-Ἥ

277 2174 315 2211 (2)
341 2177 365 2202 {n
387 2176 615 2214 stratagemavis
640 2180 656 2207 Ι.
672 2180 705 2207 Η.
721 2187 792 2213 σ,4,
818 2179 865 2216 (a)
890 2181 1155 2211 Iustinusi.IXc.2
1186 2178 1225 2218 (ς)
1242 2177 1416 2207 Plutarchus
1431 2179 1461 2205 iu

194 2216 461 2255 apophthegmatis
475 2228 576 2257 regum
591 2228 703 2259 9174.
731 2223 851 2250 lustinus
870 2221 915 2251 1„ss
