2013 2719
585 218 690 260 434
980 204 1500 263 OBSERVATIONES

584 300 831 353 vationibus
871 308 1122 358 Satellitum
1159 320 1278 362 Iouis
1317 323 1489 365 adhibui
1523 326 1672 368 tubum
1693 333 1851 386 viginti

585 376 782 426 pedum3
821 389 1028 431 expertus
1066 395 1176 423 x'cro
1214 387 1301 426 sum
1329 415 1341 439 ‚
1379 387 1703 441 longitudinem
1732 396 1852 440 huius

582 437 859 480 instrumenti
880 442 972 495 plus
993 445 1167 488 obfuisse
1190 449 1560 493 obscurationibus
1589 469 1714 508 quum
1743 473 1848 512 pro-

582 499 697 543 fuisse
740 530 750 552 ,
792 504 846 543 ob
870 506 1174 551 difficultatem
1195 525 1299 566 quae
1324 517 1464 557 oritur
1484 518 1733 560 inuenicndi
1752 525 1850 566 loca

580 575 680 617 apta
701 567 751 606 ad
772 580 927 610 eorum
948 571 1271 627 directionem,
1314 592 1391 619 nec
1415 593 1503 621 non
1525 583 1579 622 ob
1607 596 1765 626 ventos
1787 586 1848 629 fe·-

578 641 625 668 re
649 633 907 683 continuos,
947 636 1081 688 quiin
1108 637 1170 678 his
1207 643 1457 694 regionibus
1518 646 1847 699 septentriona-

579 690 686 734 libus
709 694 891 735 Oceano
918 698 1072 739 vicinis
1100 729 1109 751 ‚
1156 702 1333 755 spirant.
1400 709 1484 748 Has
1506 710 1560 749 ob
1599 713 1734 754 causas
1753 716 1846 767 pla-

579 767 632 794 ne
652 757 915 810 impossibile
953 762 1062 803 mihi
1088 763 1165 804 fuit
1193 768 1364 809 vnicam
1394 770 1545 813 harum
1576 775 1844 819 obseruatio-

575 831 678 859 num
698 821 916 865 instituere
940 824 1104 878 Col-ae,
1143 830 1214 870 vbi
1237 844 1327 872 non
1350 835 1426 876 nisi
1452 837 1604 879 misera
1625 843 1845 892 tuguriola.

573 881 807 925 Rufforum
831 898 873 928 et
890 888 1157 942 Lapponum
1177 895 1458 939 inueniuntur
1477 927 1488 949 ‚
1531 914 1576 942 ac
1598 903 1669 944 xbi
1690 917 1847 952 ventus

576 945 817 989 vehemens
838 963 971 1005 aeque
994 953 1051 994 est
1080 965 1206 1008 atque
1234 957 1446 1013 frequens.
1548 967 1737 1010 Felicior
1754 973 1842 1012 Ar-

575 1008 892 1064 changelopoli
929 1015 1013 1066 fui,
1054 1017 1154 1057 dum
1183 1019 1339 1073 aliquas
1360 1036 1415 1065 ex
1434 1025 1497 1067 his
1518 1029 1838 1074 difficultatibus

572 1073 656 1112 vici
681 1101 691 1122 ‚
733 1076 777 1114 in
797 1076 1064 1129 lequcntibus
1084 1081 1217 1122 tribus
1244 1084 1614 1132 obseruationibus
1641 1106 1740 1146 quas
1768 1109 1836 1136 re·

572 1136 744 1177 censere
767 1139 942 1180 institui.
1024 1142 1149 1184 Inter
1173 1158 1241 1186 eas
1270 1160 1381 1188 vero
1409 1162 1498 1191 non
1519 1154 1593 1193 nisi
1612 1158 1737 1196 vnica
1760 1171 1838 1198 oc-

571 1201 705 1240 currit
734 1228 745 1250 ,
781 1215 887 1254 quae
924 1203 1155 1257 Petropoli
1185 1207 1290 1251 faeta
1309 1210 1397 1252 fuit.
1469 1213 1575 1256 Sunt
1607 1227 1752 1259 autem
1783 1221 1837 1263 ad

572 1274 722 1303 manus
754 1265 1082 1308 obseruationes
1110 1273 1508 1325 correspondentes
1543 1278 1721 1323 aliarum
1747 1285 1834 1326 Eu·

570 1336 708 1377 ropac
730 1328 911 1378 vibium,
950 1343 1129 1383 quarum
1152 1334 1833 1394 differentiaLongitudinisaPc-

570 1389 741 1440 tropoli
761 1390 801 1429 in
827 1392 1044 1444 posterum
1068 1398 1216 1437 cxac‘te
1242 1404 1413 1452 poterit
1435 1405 1742 1460 determinari,
1786 1422 1832 1453 ct

571 1452 684 1491 vnde
709 1456 1023 1508 consequenter
1042 1460 1174 1499 etiam
1197 1462 1367 1517 semper
1388 1469 1553 1518 patebit
1582 1472 1833 1517 differentia

565 1516 759 1568 respectu
781 1519 1207 1574 Archangelopolis,
1249 1538 1297 1566 ea
1327 1531 1621 1574 exactitudine
1648 1548 1726 1588 qua
1752 1540 1830 1579 ob-

564 1578 832 1621 seruationes
854 1582 1014 1623 ibidem
1037 1583 1168 1625 factae
1187 1586 1292 1630 sunt.
1332 1592 1536 1648 Quamuis
1554 1609 1698 1638 autem
1715 1613 1827 1642 non·

566 1641 666 1683 dum
690 1644 818 1697 plena
837 1647 1057 1687 certitudo
1085 1648 1291 1692 habeatur
1320 1655 1591 1701 differentiae
1617 1662 1825 1706 Mei-idia-

564 1718 723 1747 norum
751 1709 867 1749 inter
890 1710 1151 1762 Petropolin
1196 1725 1239 1754 et
1269 1716 1369 1757 alias
1405 1721 1527 1762 vrbes
1547 1737 1723 1777 quarum
1746 1728 1824 1768 ob-

562 1769 831 1812 seruationes
852 1773 1250 1826 correspondentes
1270 1780 1407 1822 affero
1429 1811 1440 1832 ‚
1482 1797 1628 1826 tamen
1657 1792 1825 1834 tentaui

561 1831 702 1874 facere
725 1834 798 1875 has
810 1838 1169 1890 comparationes
1184 1841 1433 1886 assumendo
1456 1848 1822 1896 differentiasMe-

560 1897 851 1950 mimorum,
889 1911 1098 1953 quantum
1118 1903 1272 1955 licuit,
1313 1921 1420 1950 vero
1440 1915 1667 1964 proximas
1688 1944 1699 1965 ‚
1734 1918 1823 1960 hoc

561 1959 652 2008 est,
695 1971 816 2002 ortas
835 1972 878 2004 et
905 1963 1077 2006 selectas
1099 1977 1154 2007 ex
1182 1969 1378 2012 maximo
1408 1987 1593 2016 numero
1622 1978 1820 2022 obserua-

559 2022 732 2063 tionum
760 2025 1115 2070 immediatarum
1141 2057 1153 2081 ‚
1191 2044 1297 2084 quae
1323 2035 1367 2075 in
1394 2038 1476 2078 illis
1496 2039 1627 2090 locis,
1670 2045 1721 2084 ad
1740 2046 1818 2087 Pe-

556 2085 758 2137 tropolin
775 2093 1043 2142 comparatis
1062 2092 1192 2135 factae
1213 2095 1318 2137 sunt.
1387 2102 1451 2142 En
1482 2115 1590 2156 ergo
1619 2106 1818 2150 obserua-

527 2161 540 2170 ‘
558 2148 701 2192 tiones
719 2161 836 2194 meas
858 2164 957 2199 cum
975 2155 1054 2200 suis
1071 2161 1474 2214 comparationibus
1494 2193 1507 2221 ,
1546 2169 1592 2212 in
1613 2170 1757 2225 quibus
1770 2184 1816 2213 e·

1753 2245 1814 2281 nt
