<?xml version="1.0" encoding="UTF-8"?>
<!DOCTYPE html PUBLIC "-//W3C//DTD XHTML 1.0 Transitional//EN"
    "http://www.w3.org/TR/xhtml1/DTD/xhtml1-transitional.dtd">
<html xmlns="http://www.w3.org/1999/xhtml" xml:lang="en" lang="en">
 <head>
  <title>
</title>
<meta http-equiv="Content-Type" content="text/html;charset=utf-8" />
  <meta name='ocr-system' content='tesseract 3.04.00' />
  <meta name='ocr-capabilities' content='ocr_page ocr_carea ocr_par ocr_line ocrx_word'/>
</head>
<body>
  <div class='ocr_page' id='page_1' title='image "./commentariiacade03impe_0386.png"; bbox 0 0 2013 2719; ppageno 0'>
   <div class='ocr_carea' id='block_1_1' title="bbox 560 189 1375 255">
    <p class='ocr_par' dir='ltr' id='par_1_1' title="bbox 560 189 1375 255">
     <span class='ocr_line' id='line_1_1' title="bbox 560 189 1375 255; baseline -0.004 -13"><span class='ocrx_word' id='word_1_1' title='bbox 560 214 584 255; x_wconf 75' lang='lat'>³</span> <span class='ocrx_word' id='word_1_2' title='bbox 597 212 617 253; x_wconf 72' lang='lat' dir='ltr'><em>s</em></span> <span class='ocrx_word' id='word_1_3' title='bbox 631 201 655 242; x_wconf 81' lang='lat' dir='ltr'>s</span> <span class='ocrx_word' id='word_1_4' title='bbox 1016 189 1375 241; x_wconf 73' lang='lat' dir='ltr'><em>MEMORIAE·</em></span> 
     </span>
    </p>
   </div>
   <div class='ocr_carea' id='block_1_2' title="bbox 555 300 1836 2081">
    <p class='ocr_par' dir='ltr' id='par_1_2' title="bbox 555 300 1836 2081">
     <span class='ocr_line' id='line_1_2' title="bbox 558 300 1830 360; baseline -0.002 -12"><span class='ocrx_word' id='word_1_5' title='bbox 558 318 641 360; x_wconf 85' lang='lat' dir='ltr'>que</span> <span class='ocrx_word' id='word_1_6' title='bbox 678 306 793 347; x_wconf 83' lang='lat' dir='ltr'>inter</span> <span class='ocrx_word' id='word_1_7' title='bbox 829 300 1046 345; x_wconf 79' lang='lat' dir='ltr'>sarmenta</span> <span class='ocrx_word' id='word_1_8' title='bbox 1078 303 1278 345; x_wconf 82' lang='lat' dir='ltr'>hariolos</span> <span class='ocrx_word' id='word_1_9' title='bbox 1305 301 1494 344; x_wconf 86' lang='lat' dir='ltr'>manibus</span> <span class='ocrx_word' id='word_1_10' title='bbox 1517 311 1539 342; x_wconf 73' lang='lat' dir='ltr'>a</span> <span class='ocrx_word' id='word_1_11' title='bbox 1559 307 1687 356; x_wconf 82' lang='lat' dir='ltr'>tergo</span> <span class='ocrx_word' id='word_1_12' title='bbox 1707 304 1830 359; x_wconf 63' lang='lat' dir='ltr'>pedi-</span> 
     </span>
     <span class='ocr_line' id='line_1_3' title="bbox 559 369 1828 424; baseline 0.002 -14"><span class='ocrx_word' id='word_1_13' title='bbox 559 371 716 424; x_wconf 73' lang='lat' dir='ltr'>busque</span> <span class='ocrx_word' id='word_1_14' title='bbox 753 369 991 409; x_wconf 68' lang='lat' dir='ltr'>constriffls</span> <span class='ocrx_word' id='word_1_15' title='bbox 1021 396 1031 419; x_wconf 88' lang='lat'>‚</span> <span class='ocrx_word' id='word_1_16' title='bbox 1073 381 1151 409; x_wconf 91' lang='lat' dir='ltr'>ore</span> <span class='ocrx_word' id='word_1_17' title='bbox 1173 369 1390 409; x_wconf 78' lang='lat' dir='ltr'>obdurato</span> <span class='ocrx_word' id='word_1_18' title='bbox 1412 394 1425 417; x_wconf 88' lang='lat'>‚</span> <span class='ocrx_word' id='word_1_19' title='bbox 1466 369 1828 421; x_wconf 84' lang='lat' dir='ltr'>compingebant‚</span> 
     </span>
     <span class='ocr_line' id='line_1_4' title="bbox 559 431 1828 486; baseline 0 -11"><span class='ocrx_word' id='word_1_20' title='bbox 559 443 652 475; x_wconf 89' lang='lat' dir='ltr'>tum</span> <span class='ocrx_word' id='word_1_21' title='bbox 672 433 962 474; x_wconf 72' lang='lat' dir='ltr'>incendebant</span> <span class='ocrx_word' id='word_1_22' title='bbox 983 442 1024 474; x_wconf 87' lang='lat' dir='ltr'>et</span> <span class='ocrx_word' id='word_1_23' title='bbox 1045 433 1178 474; x_wconf 82' lang='lat' dir='ltr'>boues</span> <span class='ocrx_word' id='word_1_24' title='bbox 1197 432 1386 486; x_wconf 83' lang='lat' dir='ltr'>plaustro</span> <span class='ocrx_word' id='word_1_25' title='bbox 1414 431 1615 484; x_wconf 81' lang='lat' dir='ltr'>alligatos</span> <span class='ocrx_word' id='word_1_26' title='bbox 1643 437 1828 475; x_wconf 86' lang='lat' dir='ltr'>terrori-</span> 
     </span>
     <span class='ocr_line' id='line_1_5' title="bbox 557 496 1829 551; baseline 0.002 -14"><span class='ocrx_word' id='word_1_27' title='bbox 557 498 631 538; x_wconf 78' lang='lat' dir='ltr'>bus</span> <span class='ocrx_word' id='word_1_28' title='bbox 650 497 868 550; x_wconf 79' lang='lat' dir='ltr'>agitabant</span> <span class='ocrx_word' id='word_1_29' title='bbox 917 524 928 547; x_wconf 89' lang='lat'>,</span> <span class='ocrx_word' id='word_1_30' title='bbox 982 507 1029 538; x_wconf 80' lang='lat' dir='ltr'>vt</span> <span class='ocrx_word' id='word_1_31' title='bbox 1058 498 1145 551; x_wconf 85' lang='lat' dir='ltr'>ipse</span> <span class='ocrx_word' id='word_1_32' title='bbox 1166 506 1312 537; x_wconf 84' lang='lat' dir='ltr'>motus</span> <span class='ocrx_word' id='word_1_33' title='bbox 1340 497 1431 536; x_wconf 88' lang='lat' dir='ltr'>vim</span> <span class='ocrx_word' id='word_1_34' title='bbox 1458 496 1658 537; x_wconf 80' lang='lat' dir='ltr'>flammae</span> <span class='ocrx_word' id='word_1_35' title='bbox 1681 496 1829 539; x_wconf 85' lang='lat' dir='ltr'>aleret.</span> 
     </span>
     <span class='ocr_line' id='line_1_6' title="bbox 562 561 1828 614; baseline -0.001 -11"><span class='ocrx_word' id='word_1_36' title='bbox 562 561 703 614; x_wconf 83' lang='lat' dir='ltr'>Saepe</span> <span class='ocrx_word' id='word_1_37' title='bbox 739 562 872 602; x_wconf 81' lang='lat' dir='ltr'>boues</span> <span class='ocrx_word' id='word_1_38' title='bbox 900 561 977 614; x_wconf 75' lang='lat' dir='ltr'>ipsr</span> <span class='ocrx_word' id='word_1_39' title='bbox 1005 561 1053 601; x_wconf 89' lang='lat' dir='ltr'>ab</span> <span class='ocrx_word' id='word_1_40' title='bbox 1074 563 1174 614; x_wconf 83' lang='lat' dir='ltr'>igne</span> <span class='ocrx_word' id='word_1_41' title='bbox 1194 561 1392 612; x_wconf 76' lang='lat' dir='ltr'>correpti</span> <span class='ocrx_word' id='word_1_42' title='bbox 1414 561 1639 612; x_wconf 82' lang='lat' dir='ltr'>perierunt</span> <span class='ocrx_word' id='word_1_43' title='bbox 1663 588 1674 611; x_wconf 85' lang='lat'><em>,</em></span> <span class='ocrx_word' id='word_1_44' title='bbox 1717 575 1828 602; x_wconf 88' lang='lat' dir='ltr'>non-</span> 
     </span>
     <span class='ocr_line' id='line_1_7' title="bbox 560 625 1830 681; baseline 0 -15"><span class='ocrx_word' id='word_1_45' title='bbox 560 638 779 679; x_wconf 77' lang='lat' dir='ltr'>nunquam</span> <span class='ocrx_word' id='word_1_46' title='bbox 836 625 1007 666; x_wconf 82' lang='lat' dir='ltr'>euasere</span> <span class='ocrx_word' id='word_1_47' title='bbox 1061 626 1249 666; x_wconf 84' lang='lat' dir='ltr'>ambusti.</span> <span class='ocrx_word' id='word_1_48' title='bbox 1322 625 1441 681; x_wconf 79' lang='lat' dir='ltr'>Quos</span> <span class='ocrx_word' id='word_1_49' title='bbox 1462 634 1830 666; x_wconf 82' lang='lat' dir='ltr'>autemrexmor-</span> 
     </span>
     <span class='ocr_line' id='line_1_8' title="bbox 558 687 1834 744; baseline 0.001 -14"><span class='ocrx_word' id='word_1_50' title='bbox 558 699 603 730; x_wconf 88' lang='lat' dir='ltr'>te</span> <span class='ocrx_word' id='word_1_51' title='bbox 626 689 887 738; x_wconf 60' lang='lat' dir='ltr'>mulctabat,</span> <span class='ocrx_word' id='word_1_52' title='bbox 931 702 1088 730; x_wconf 85' lang='lat' dir='ltr'>eorum</span> <span class='ocrx_word' id='word_1_53' title='bbox 1125 690 1259 729; x_wconf 89' lang='lat' dir='ltr'>etiam</span> <span class='ocrx_word' id='word_1_54' title='bbox 1297 687 1375 727; x_wconf 87' lang='lat' dir='ltr'>filii</span> <span class='ocrx_word' id='word_1_55' title='bbox 1421 688 1834 744; x_wconf 86' lang='lat' dir='ltr'>interficiebantur,</span> 
     </span>
     <span class='ocr_line' id='line_1_9' title="bbox 559 752 1829 806; baseline 0.002 -13"><span class='ocrx_word' id='word_1_56' title='bbox 559 753 715 806; x_wconf 84' lang='lat' dir='ltr'>puellis</span> <span class='ocrx_word' id='word_1_57' title='bbox 737 752 972 806; x_wconf 81' lang='lat' dir='ltr'>impunitas</span> <span class='ocrx_word' id='word_1_58' title='bbox 992 753 1082 793; x_wconf 87' lang='lat' dir='ltr'>fuit.</span> <span class='ocrx_word' id='word_1_59' title='bbox 1188 754 1238 794; x_wconf 86' lang='lat' dir='ltr'>In</span> <span class='ocrx_word' id='word_1_60' title='bbox 1258 752 1504 793; x_wconf 81' lang='lat' dir='ltr'>foederibus</span> <span class='ocrx_word' id='word_1_61' title='bbox 1523 752 1633 793; x_wconf 89' lang='lat' dir='ltr'>hunc</span> <span class='ocrx_word' id='word_1_62' title='bbox 1657 767 1829 796; x_wconf 86' lang='lat' dir='ltr'>morem</span> 
     </span>
     <span class='ocr_line' id='line_1_10' title="bbox 555 815 1828 870; baseline 0.002 -12"><span class='ocrx_word' id='word_1_63' title='bbox 555 819 791 858; x_wconf 76' lang='lat' dir='ltr'>seruarunt.</span> <span class='ocrx_word' id='word_1_64' title='bbox 896 818 963 869; x_wconf 80' lang='lat'>(4)</span> <span class='ocrx_word' id='word_1_65' title='bbox 1038 816 1233 859; x_wconf 89' lang='lat' dir='ltr'>Cultello</span> <span class='ocrx_word' id='word_1_66' title='bbox 1261 827 1331 857; x_wconf 88' lang='lat' dir='ltr'>aut</span> <span class='ocrx_word' id='word_1_67' title='bbox 1353 815 1500 868; x_wconf 83' lang='lat' dir='ltr'>gladio</span> <span class='ocrx_word' id='word_1_68' title='bbox 1521 817 1559 856; x_wconf 81' lang='lat' dir='ltr'>se</span> <span class='ocrx_word' id='word_1_69' title='bbox 1580 817 1828 870; x_wconf 83' lang='lat' dir='ltr'>saucianteS,</span> 
     </span>
     <span class='ocr_line' id='line_1_11' title="bbox 556 880 1832 936; baseline 0.002 -15"><span class='ocrx_word' id='word_1_70' title='bbox 556 882 769 934; x_wconf 75' lang='lat' dir='ltr'>sanguinis</span> <span class='ocrx_word' id='word_1_71' title='bbox 789 880 946 933; x_wconf 86' lang='lat' dir='ltr'>aliquid</span> <span class='ocrx_word' id='word_1_72' title='bbox 965 883 1008 921; x_wconf 88' lang='lat' dir='ltr'>in</span> <span class='ocrx_word' id='word_1_73' title='bbox 1029 880 1208 921; x_wconf 75' lang='lat' dir='ltr'>calicem</span> <span class='ocrx_word' id='word_1_74' title='bbox 1236 882 1466 932; x_wconf 83' lang='lat' dir='ltr'>ingentem</span> <span class='ocrx_word' id='word_1_75' title='bbox 1487 882 1592 921; x_wconf 77' lang='lat' dir='ltr'>vino</span> <span class='ocrx_word' id='word_1_76' title='bbox 1612 884 1832 936; x_wconf 84' lang='lat' dir='ltr'>repletum</span> 
     </span>
     <span class='ocr_line' id='line_1_12' title="bbox 559 942 1833 1002; baseline 0.001 -16"><span class='ocrx_word' id='word_1_77' title='bbox 559 942 1062 1002; x_wconf 54' lang='lat' dir='ltr'>mittel)2111t‚2aci11acem</span> <span class='ocrx_word' id='word_1_78' title='bbox 1083 957 1211 994; x_wconf 79' lang='lat' dir='ltr'>vero,</span> <span class='ocrx_word' id='word_1_79' title='bbox 1236 945 1421 996; x_wconf 72' lang='lat' dir='ltr'>sagittas,</span> <span class='ocrx_word' id='word_1_80' title='bbox 1438 945 1618 986; x_wconf 85' lang='lat' dir='ltr'>securim</span> <span class='ocrx_word' id='word_1_81' title='bbox 1648 956 1690 986; x_wconf 91' lang='lat' dir='ltr'>et</span> <span class='ocrx_word' id='word_1_82' title='bbox 1719 949 1833 987; x_wconf 78' lang='lat' dir='ltr'>iacu-</span> 
     </span>
     <span class='ocr_line' id='line_1_13' title="bbox 557 1007 1832 1061; baseline 0.002 -12"><span class='ocrx_word' id='word_1_83' title='bbox 557 1011 649 1050; x_wconf 87' lang='lat' dir='ltr'>lum</span> <span class='ocrx_word' id='word_1_84' title='bbox 676 1007 812 1048; x_wconf 81' lang='lat' dir='ltr'>multa</span> <span class='ocrx_word' id='word_1_85' title='bbox 849 1008 1075 1061; x_wconf 84' lang='lat' dir='ltr'>apprecati</span> <span class='ocrx_word' id='word_1_86' title='bbox 1102 1008 1358 1061; x_wconf 79' lang='lat' dir='ltr'>mergebant</span> <span class='ocrx_word' id='word_1_87' title='bbox 1384 1009 1428 1048; x_wconf 92' lang='lat' dir='ltr'>in</span> <span class='ocrx_word' id='word_1_88' title='bbox 1448 1011 1580 1051; x_wconf 86' lang='lat' dir='ltr'>calice</span> <span class='ocrx_word' id='word_1_89' title='bbox 1603 1037 1615 1058; x_wconf 87' lang='lat'><em>‚</em></span> <span class='ocrx_word' id='word_1_90' title='bbox 1656 1021 1749 1051; x_wconf 88' lang='lat' dir='ltr'>tum</span> <span class='ocrx_word' id='word_1_91' title='bbox 1768 1012 1832 1052; x_wconf 86' lang='lat' dir='ltr'>vi-</span> 
     </span>
     <span class='ocr_line' id='line_1_14' title="bbox 559 1071 1833 1123; baseline 0.001 -12"><span class='ocrx_word' id='word_1_92' title='bbox 559 1085 662 1112; x_wconf 88' lang='lat' dir='ltr'>num</span> <span class='ocrx_word' id='word_1_93' title='bbox 685 1071 884 1123; x_wconf 83' lang='lat' dir='ltr'>sanguine</span> <span class='ocrx_word' id='word_1_94' title='bbox 902 1073 1094 1111; x_wconf 90' lang='lat' dir='ltr'>humano</span> <span class='ocrx_word' id='word_1_95' title='bbox 1115 1072 1366 1123; x_wconf 84' lang='lat' dir='ltr'>permistum</span> <span class='ocrx_word' id='word_1_96' title='bbox 1388 1073 1519 1122; x_wconf 88' lang='lat' dir='ltr'>primi</span> <span class='ocrx_word' id='word_1_97' title='bbox 1541 1097 1552 1119; x_wconf 84' lang='lat'>,</span> <span class='ocrx_word' id='word_1_98' title='bbox 1592 1074 1661 1122; x_wconf 89' lang='lat' dir='ltr'>qui</span> <span class='ocrx_word' id='word_1_99' title='bbox 1681 1073 1833 1112; x_wconf 76' lang='lat' dir='ltr'>foedus</span> 
     </span>
     <span class='ocr_line' id='line_1_15' title="bbox 559 1133 1827 1188; baseline -0.002 -12"><span class='ocrx_word' id='word_1_100' title='bbox 559 1137 759 1184; x_wconf 62' lang='lat' dir='ltr'>sterant,</span> <span class='ocrx_word' id='word_1_101' title='bbox 802 1136 1015 1188; x_wconf 85' lang='lat' dir='ltr'>potabant</span> <span class='ocrx_word' id='word_1_102' title='bbox 1051 1162 1062 1185; x_wconf 88' lang='grc'>,</span> <span class='ocrx_word' id='word_1_103' title='bbox 1104 1134 1334 1174; x_wconf 88' lang='lat' dir='ltr'>secuudum</span> <span class='ocrx_word' id='word_1_104' title='bbox 1364 1145 1439 1172; x_wconf 76' lang='lat' dir='ltr'>eos</span> <span class='ocrx_word' id='word_1_105' title='bbox 1467 1133 1827 1183; x_wconf 80' lang='lat' dir='ltr'>ceter-icomitcs‚</span> 
     </span>
     <span class='ocr_line' id='line_1_16' title="bbox 560 1193 1833 1253; baseline -0.005 -14"><span class='ocrx_word' id='word_1_106' title='bbox 560 1201 629 1253; x_wconf 91' lang='lat' dir='ltr'>qui</span> <span class='ocrx_word' id='word_1_107' title='bbox 659 1199 881 1251; x_wconf 61' lang='lat' dir='ltr'>dignitatis·</span> <span class='ocrx_word' id='word_1_108' title='bbox 912 1199 1046 1239; x_wconf 82' lang='lat' dir='ltr'>ess&#39;ent</span> <span class='ocrx_word' id='word_1_109' title='bbox 1081 1199 1354 1250; x_wconf 76' lang='lat' dir='ltr'>praecipuae.</span> <span class='ocrx_word' id='word_1_110' title='bbox 1426 1193 1632 1246; x_wconf 84' lang='lat' dir='ltr'>Sepulcra</span> <span class='ocrx_word' id='word_1_111' title='bbox 1659 1197 1833 1247; x_wconf 83' lang='lat' dir='ltr'>Regum</span> 
     </span>
     <span class='ocr_line' id='line_1_17' title="bbox 558 1258 1833 1312; baseline -0.005 -8"><span class='ocrx_word' id='word_1_112' title='bbox 558 1263 602 1304; x_wconf 88' lang='lat' dir='ltr'>in</span> <span class='ocrx_word' id='word_1_113' title='bbox 624 1262 807 1304; x_wconf 73' lang='lat' dir='ltr'>Gerr-his</span> <span class='ocrx_word' id='word_1_114' title='bbox 827 1261 1010 1300; x_wconf 84' lang='lat' dir='ltr'>fuerunt.</span> <span class='ocrx_word' id='word_1_115' title='bbox 1080 1261 1214 1312; x_wconf 83' lang='lat' dir='ltr'>Regis</span> <span class='ocrx_word' id='word_1_116' title='bbox 1241 1258 1426 1298; x_wconf 70' lang='lat' dir='ltr'>desunffi</span> <span class='ocrx_word' id='word_1_117' title='bbox 1446 1258 1628 1297; x_wconf 85' lang='lat' dir='ltr'>cadauer</span> <span class='ocrx_word' id='word_1_118' title='bbox 1647 1270 1746 1299; x_wconf 86' lang='lat' dir='ltr'>cera</span> <span class='ocrx_word' id='word_1_119' title='bbox 1765 1259 1833 1298; x_wconf 82' lang='lat' dir='ltr'>in-</span> 
     </span>
     <span class='ocr_line' id='line_1_18' title="bbox 560 1321 1834 1377; baseline -0.002 -11"><span class='ocrx_word' id='word_1_120' title='bbox 560 1326 773 1367; x_wconf 78' lang='lat' dir='ltr'>ducebant</span> <span class='ocrx_word' id='word_1_121' title='bbox 797 1323 984 1377; x_wconf 85' lang='lat' dir='ltr'>Scythae</span> <span class='ocrx_word' id='word_1_122' title='bbox 1006 1351 1016 1373; x_wconf 83' lang='lat'>,</span> <span class='ocrx_word' id='word_1_123' title='bbox 1059 1323 1199 1362; x_wconf 86' lang='lat' dir='ltr'>aluum</span> <span class='ocrx_word' id='word_1_124' title='bbox 1223 1331 1510 1374; x_wconf 77' lang='lat' dir='ltr'>expurgatam</span> <span class='ocrx_word' id='word_1_125' title='bbox 1534 1348 1544 1371; x_wconf 85' lang='lat'>‚</span> <span class='ocrx_word' id='word_1_126' title='bbox 1584 1331 1711 1375; x_wconf 82' lang='lat' dir='ltr'>atque</span> <span class='ocrx_word' id='word_1_127' title='bbox 1739 1321 1834 1364; x_wconf 89' lang='lat' dir='ltr'>file·</span> 
     </span>
     <span class='ocr_line' id='line_1_19' title="bbox 560 1385 1835 1440; baseline -0.004 -9"><span class='ocrx_word' id='word_1_128' title='bbox 560 1403 605 1431; x_wconf 84' lang='lat' dir='ltr'>re</span> <span class='ocrx_word' id='word_1_129' title='bbox 630 1400 672 1430; x_wconf 89' lang='lat' dir='ltr'>et</span> <span class='ocrx_word' id='word_1_130' title='bbox 697 1388 976 1429; x_wconf 82' lang='lat' dir='ltr'>thimiamate</span> <span class='ocrx_word' id='word_1_131' title='bbox 1007 1387 1178 1440; x_wconf 83' lang='lat' dir='ltr'>apiiqne</span> <span class='ocrx_word' id='word_1_132' title='bbox 1215 1397 1257 1426; x_wconf 92' lang='lat' dir='ltr'>et</span> <span class='ocrx_word' id='word_1_133' title='bbox 1281 1385 1382 1426; x_wconf 77' lang='lat' dir='ltr'>anisi</span> <span class='ocrx_word' id='word_1_134' title='bbox 1416 1385 1642 1425; x_wconf 82' lang='lat' dir='ltr'>seminibus</span> <span class='ocrx_word' id='word_1_135' title='bbox 1675 1386 1835 1440; x_wconf 87' lang='lat' dir='ltr'>imple-</span> 
     </span>
     <span class='ocr_line' id='line_1_20' title="bbox 560 1450 1833 1504; baseline -0.003 -9"><span class='ocrx_word' id='word_1_136' title='bbox 560 1464 651 1495; x_wconf 83' lang='lat' dir='ltr'>tam</span> <span class='ocrx_word' id='word_1_137' title='bbox 672 1452 959 1502; x_wconf 86' lang='lat' dir='ltr'>consuebant,</span> <span class='ocrx_word' id='word_1_138' title='bbox 1001 1461 1095 1491; x_wconf 87' lang='lat' dir='ltr'>tum</span> <span class='ocrx_word' id='word_1_139' title='bbox 1116 1453 1157 1490; x_wconf 84' lang='lat' dir='ltr'>in</span> <span class='ocrx_word' id='word_1_140' title='bbox 1180 1450 1368 1502; x_wconf 85' lang='lat' dir='ltr'>plaustro</span> <span class='ocrx_word' id='word_1_141' title='bbox 1390 1450 1622 1490; x_wconf 76' lang='lat' dir='ltr'>mittebant</span> <span class='ocrx_word' id='word_1_142' title='bbox 1645 1451 1696 1490; x_wconf 82' lang='lat' dir='ltr'>ad</span> <span class='ocrx_word' id='word_1_143' title='bbox 1725 1463 1833 1504; x_wconf 84' lang='lat' dir='ltr'>pro-</span> 
     </span>
     <span class='ocr_line' id='line_1_21' title="bbox 562 1512 1831 1569; baseline -0.006 -11"><span class='ocrx_word' id='word_1_144' title='bbox 562 1519 726 1559; x_wconf 84' lang='lat' dir='ltr'>ximam</span> <span class='ocrx_word' id='word_1_145' title='bbox 766 1527 977 1569; x_wconf 81' lang='lat' dir='ltr'>gentem,</span> <span class='ocrx_word' id='word_1_146' title='bbox 1013 1527 1119 1568; x_wconf 87' lang='lat' dir='ltr'>quae</span> <span class='ocrx_word' id='word_1_147' title='bbox 1174 1513 1344 1566; x_wconf 74' lang='lat' dir='ltr'>Scythis</span> <span class='ocrx_word' id='word_1_148' title='bbox 1373 1512 1553 1553; x_wconf 64' lang='lat' dir='ltr'>subiecta</span> <span class='ocrx_word' id='word_1_149' title='bbox 1576 1524 1681 1554; x_wconf 83' lang='lat' dir='ltr'>erat.</span> <span class='ocrx_word' id='word_1_150' title='bbox 1749 1516 1831 1556; x_wconf 82' lang='lat' dir='ltr'>Hic</span> 
     </span>
     <span class='ocr_line' id='line_1_22' title="bbox 564 1576 1831 1635; baseline -0.001 -15"><span class='ocrx_word' id='word_1_151' title='bbox 564 1581 751 1635; x_wconf 82' lang='lat' dir='ltr'>populus</span> <span class='ocrx_word' id='word_1_152' title='bbox 778 1582 884 1620; x_wconf 77' lang='lat' dir='ltr'>auris</span> <span class='ocrx_word' id='word_1_153' title='bbox 912 1579 1056 1631; x_wconf 81' lang='lat' dir='ltr'>regiae</span> <span class='ocrx_word' id='word_1_154' title='bbox 1087 1577 1343 1631; x_wconf 74' lang='lat' dir='ltr'>particulam</span> <span class='ocrx_word' id='word_1_155' title='bbox 1365 1576 1663 1627; x_wconf 77' lang='lat' dir='ltr'>exscindebat‚</span> <span class='ocrx_word' id='word_1_156' title='bbox 1711 1577 1831 1619; x_wconf 87' lang='lat' dir='ltr'>sron-</span> 
     </span>
     <span class='ocr_line' id='line_1_23' title="bbox 561 1641 1830 1695; baseline -0.002 -9"><span class='ocrx_word' id='word_1_157' title='bbox 561 1656 653 1687; x_wconf 90' lang='lat' dir='ltr'>tem</span> <span class='ocrx_word' id='word_1_158' title='bbox 674 1645 880 1685; x_wconf 75' lang='lat' dir='ltr'>sauciabat</span> <span class='ocrx_word' id='word_1_159' title='bbox 913 1653 954 1683; x_wconf 91' lang='lat' dir='ltr'>et</span> <span class='ocrx_word' id='word_1_160' title='bbox 982 1643 1123 1683; x_wconf 86' lang='lat' dir='ltr'>nasum</span> <span class='ocrx_word' id='word_1_161' title='bbox 1147 1668 1157 1690; x_wconf 80' lang='lat'>‚</span> <span class='ocrx_word' id='word_1_162' title='bbox 1199 1641 1406 1680; x_wconf 80' lang='lat' dir='ltr'>finistram</span> <span class='ocrx_word' id='word_1_163' title='bbox 1441 1641 1683 1681; x_wconf 85' lang='lat' dir='ltr'>traiiciebat</span> <span class='ocrx_word' id='word_1_164' title='bbox 1703 1643 1830 1695; x_wconf 80' lang='lat' dir='ltr'>sagit-</span> 
     </span>
     <span class='ocr_line' id='line_1_24' title="bbox 562 1704 1832 1757; baseline -0.002 -7"><span class='ocrx_word' id='word_1_165' title='bbox 562 1711 630 1751; x_wconf 81' lang='lat' dir='ltr'>tis.</span> <span class='ocrx_word' id='word_1_166' title='bbox 730 1708 838 1749; x_wconf 87' lang='lat' dir='ltr'>Inde</span> <span class='ocrx_word' id='word_1_167' title='bbox 865 1707 985 1747; x_wconf 72' lang='lat' dir='ltr'>fanus</span> <span class='ocrx_word' id='word_1_168' title='bbox 1007 1706 1053 1746; x_wconf 86' lang='lat' dir='ltr'>ab</span> <span class='ocrx_word' id='word_1_169' title='bbox 1074 1705 1150 1745; x_wconf 85' lang='lat' dir='ltr'>hac</span> <span class='ocrx_word' id='word_1_170' title='bbox 1172 1715 1302 1757; x_wconf 80' lang='lat' dir='ltr'>gente</span> <span class='ocrx_word' id='word_1_171' title='bbox 1325 1704 1550 1745; x_wconf 69' lang='lat' dir='ltr'>deduc‘rum</span> <span class='ocrx_word' id='word_1_172' title='bbox 1572 1706 1623 1745; x_wconf 80' lang='lat' dir='ltr'>ad</span> <span class='ocrx_word' id='word_1_173' title='bbox 1641 1705 1766 1747; x_wconf 83' lang='lat' dir='ltr'>aliam</span> <span class='ocrx_word' id='word_1_174' title='bbox 1788 1716 1832 1748; x_wconf 88' lang='lat' dir='ltr'>et</span> 
     </span>
     <span class='ocr_line' id='line_1_25' title="bbox 568 1768 1836 1822; baseline -0.001 -8"><span class='ocrx_word' id='word_1_175' title='bbox 568 1785 665 1814; x_wconf 89' lang='lat' dir='ltr'>cum</span> <span class='ocrx_word' id='word_1_176' title='bbox 702 1784 855 1812; x_wconf 86' lang='lat' dir='ltr'>omues</span> <span class='ocrx_word' id='word_1_177' title='bbox 886 1769 1054 1821; x_wconf 82' lang='lat' dir='ltr'>obiisset</span> <span class='ocrx_word' id='word_1_178' title='bbox 1085 1797 1095 1820; x_wconf 86' lang='lat'>‚</span> <span class='ocrx_word' id='word_1_179' title='bbox 1137 1781 1158 1808; x_wconf 86' lang='lat' dir='ltr'>a</span> <span class='ocrx_word' id='word_1_180' title='bbox 1185 1769 1403 1821; x_wconf 82' lang='lat' dir='ltr'>postrema</span> <span class='ocrx_word' id='word_1_181' title='bbox 1430 1769 1479 1808; x_wconf 89' lang='lat' dir='ltr'>ad</span> <span class='ocrx_word' id='word_1_182' title='bbox 1502 1768 1695 1822; x_wconf 81' lang='lat' dir='ltr'>Scythas.</span> <span class='ocrx_word' id='word_1_183' title='bbox 1761 1771 1836 1813; x_wconf 81' lang='lat' dir='ltr'>Isti</span> 
     </span>
     <span class='ocr_line' id='line_1_26' title="bbox 569 1833 1832 1887; baseline -0.008 -9"><span class='ocrx_word' id='word_1_184' title='bbox 569 1850 680 1879; x_wconf 87' lang='lat' dir='ltr'>nunc</span> <span class='ocrx_word' id='word_1_185' title='bbox 718 1836 898 1876; x_wconf 85' lang='lat' dir='ltr'>cadauer</span> <span class='ocrx_word' id='word_1_186' title='bbox 926 1834 1091 1887; x_wconf 53' lang='lat' dir='ltr'>regis-in</span> <span class='ocrx_word' id='word_1_187' title='bbox 1105 1833 1215 1873; x_wconf 88' lang='lat' dir='ltr'>hunc</span> <span class='ocrx_word' id='word_1_188' title='bbox 1228 1833 1408 1873; x_wconf 85' lang='lat' dir='ltr'>modum</span> <span class='ocrx_word' id='word_1_189' title='bbox 1430 1833 1478 1872; x_wconf 81' lang='lat' dir='ltr'>ab</span> <span class='ocrx_word' id='word_1_190' title='bbox 1505 1834 1703 1875; x_wconf 78' lang='lat' dir='ltr'>omuibus</span> <span class='ocrx_word' id='word_1_191' title='bbox 1724 1846 1832 1886; x_wconf 85' lang='lat' dir='ltr'>gen-</span> 
     </span>
     <span class='ocr_line' id='line_1_27' title="bbox 565 1896 1835 1942; baseline -0.001 0"><span class='ocrx_word' id='word_1_192' title='bbox 565 1903 675 1942; x_wconf 78' lang='lat' dir='ltr'>tibus</span> <span class='ocrx_word' id='word_1_193' title='bbox 703 1900 923 1941; x_wconf 81' lang='lat' dir='ltr'>lustratum</span> <span class='ocrx_word' id='word_1_194' title='bbox 964 1900 1006 1939; x_wconf 89' lang='lat' dir='ltr'>in</span> <span class='ocrx_word' id='word_1_195' title='bbox 1034 1897 1232 1942; x_wconf 82' lang='lat' dir='ltr'>Gerrhos</span> <span class='ocrx_word' id='word_1_196' title='bbox 1252 1896 1515 1938; x_wconf 81' lang='lat' dir='ltr'>deserebant.</span> <span class='ocrx_word' id='word_1_197' title='bbox 1583 1900 1689 1939; x_wconf 78' lang='lat' dir='ltr'>Erat</span> <span class='ocrx_word' id='word_1_198' title='bbox 1714 1898 1835 1941; x_wconf 83' lang='lat' dir='ltr'>isthic</span> 
     </span>
     <span class='ocr_line' id='line_1_28' title="bbox 565 1961 1833 2016; baseline -0.002 -11"><span class='ocrx_word' id='word_1_199' title='bbox 565 1967 652 2005; x_wconf 83' lang='lat' dir='ltr'>iam</span> <span class='ocrx_word' id='word_1_200' title='bbox 676 1975 803 2004; x_wconf 82' lang='lat' dir='ltr'>antea</span> <span class='ocrx_word' id='word_1_201' title='bbox 824 1963 992 2004; x_wconf 79' lang='lat' dir='ltr'>scrobes</span> <span class='ocrx_word' id='word_1_202' title='bbox 1013 1964 1165 2016; x_wconf 82' lang='lat' dir='ltr'>ingens</span> <span class='ocrx_word' id='word_1_203' title='bbox 1185 1971 1227 2001; x_wconf 90' lang='lat' dir='ltr'>et</span> <span class='ocrx_word' id='word_1_204' title='bbox 1247 1961 1451 2015; x_wconf 84' lang='lat' dir='ltr'>quadrata</span> <span class='ocrx_word' id='word_1_205' title='bbox 1479 1961 1641 2004; x_wconf 76' lang='lat' dir='ltr'>effossa.</span> <span class='ocrx_word' id='word_1_206' title='bbox 1708 1964 1769 2005; x_wconf 90' lang='lat' dir='ltr'>Ea</span> <span class='ocrx_word' id='word_1_207' title='bbox 1789 1965 1833 2004; x_wconf 87' lang='lat' dir='ltr'>in</span> 
     </span>
     <span class='ocr_line' id='line_1_29' title="bbox 565 2025 1830 2081; baseline -0.001 -12"><span class='ocrx_word' id='word_1_208' title='bbox 565 2028 714 2069; x_wconf 86' lang='lat' dir='ltr'>scrobe</span> <span class='ocrx_word' id='word_1_209' title='bbox 742 2028 867 2080; x_wconf 86' lang='lat' dir='ltr'>super</span> <span class='ocrx_word' id='word_1_210' title='bbox 895 2037 1001 2069; x_wconf 83' lang='lat' dir='ltr'>toro</span> <span class='ocrx_word' id='word_1_211' title='bbox 1028 2029 1073 2069; x_wconf 85' lang='lat' dir='ltr'>in</span> <span class='ocrx_word' id='word_1_212' title='bbox 1098 2025 1247 2070; x_wconf 89' lang='lat' dir='ltr'>loculo</span> <span class='ocrx_word' id='word_1_213' title='bbox 1275 2025 1455 2067; x_wconf 81' lang='lat' dir='ltr'>cadauer</span> <span class='ocrx_word' id='word_1_214' title='bbox 1481 2027 1830 2081; x_wconf 88' lang='lat' dir='ltr'>componebant,</span> 
     </span>
    </p>
   </div>
   <div class='ocr_carea' id='block_1_3' title="bbox 1711 2092 1836 2146">
    <p class='ocr_par' dir='ltr' id='par_1_3' title="bbox 1711 2092 1836 2146">
     <span class='ocr_line' id='line_1_30' title="bbox 1711 2092 1836 2146; baseline 0.016 -14"><span class='ocrx_word' id='word_1_215' title='bbox 1711 2092 1836 2146; x_wconf 84' lang='lat' dir='ltr'>super</span> 
     </span>
    </p>
   </div>
   <div class='ocr_carea' id='block_1_4' title="bbox 580 2208 1838 2225">
    <p class='ocr_par' dir='ltr' id='par_1_4' title="bbox 580 2208 1838 2225">
     <span class='ocr_line' id='line_1_31' title="bbox 580 2208 1838 2225; baseline 0 494"><span class='ocrx_word' id='word_1_216' title='bbox 580 2208 1838 2225; x_wconf 95' lang='lat' dir='ltr'> </span> 
     </span>
    </p>
   </div>
   <div class='ocr_carea' id='block_1_5' title="bbox 647 2240 875 2280">
    <p class='ocr_par' dir='ltr' id='par_1_5' title="bbox 647 2240 875 2280">
     <span class='ocr_line' id='line_1_32' title="bbox 647 2240 875 2280; baseline -0.013 0"><span class='ocrx_word' id='word_1_217' title='bbox 647 2240 686 2280; x_wconf 75' lang='lat'>(3)</span> <span class='ocrx_word' id='word_1_218' title='bbox 726 2242 765 2271; x_wconf 52' lang='lat' dir='ltr'>a„</span> <span class='ocrx_word' id='word_1_219' title='bbox 786 2250 810 2272; x_wconf 79' lang='lat' dir='ltr'>c·</span> <span class='ocrx_word' id='word_1_220' title='bbox 826 2250 875 2277; x_wconf 80' lang='lat'>70·</span> 
     </span>
    </p>
   </div>
  </div>
 </body>
</html>
