2013 2719
404 210 691 277 EIVSQVE
737 208 963 258 VSIBVS
997 203 1300 274 ALIQVOT.
1428 220 1484 262 51

216 325 435 382 generalis
461 322 650 366 formula
667 321 788 365 Vltro
807 322 996 376 sequitur
1016 333 1095 376 per
1113 332 1163 360 ea
1180 330 1289 375 quae
1310 326 1413 358 ante
1426 317 1489 358 di-

217 394 264 435 xi
283 396 339 452 (5.
373 396 466 443 10.)
497 391 705 431 nimirum
732 388 830 429 talis
858 387 1110 438 ,r2—.r÷5.
1135 387 1221 426 iam
1240 384 1269 425 fi
1289 385 1407 424 inter
1425 383 1489 423 bi-

219 471 300 498 nos
322 468 528 497 numeros
563 455 713 495 vnicus
743 452 1083 505 interpolandus
1103 450 1178 501 fit,
1219 450 1493 492 substituatur

217 524 262 564 in
281 519 470 563 formula
488 532 572 574 pro
593 531 622 559 x
641 516 864 559 succeffiue
888 519 942 574 ι-ὲ-
966 526 1009 556 et
1033 519 1087 573 25
1105 526 1152 557 vt
1165 515 1388 569 prodeant
1401 514 1490 555 duo

216 585 475 629 intermedii
500 582 702 638 quaesiti,
745 582 911 636 primus
934 581 990 638 52}
1014 590 1058 620 et
1076 580 1282 622 secundus
1305 580 1372 637 δὲ.
1445 578 1490 622 Si

219 652 305 692 duo
334 652 450 691 inter
473 648 600 689 binos
627 645 936 702 interpolandi
964 646 1071 696 fint,
1112 644 1384 685 substituatur
1404 657 1489 697 pro

216 729 248 757 x
267 712 488 757 succeffiue
534 715 603 774 1³3,
647 711 717 773 Ῑξ,
762 714 832 772 ²⁷30
875 711 962 772 2},.
1002 711 1056 751 fic
1088 719 1321 762 emergent
1350 710 1491 749 inter-

216 780 351 822 medii
369 778 549 833 quaesiti
570 781 747 819 iterum.
850 777 978 818 Idem
1012 776 1086 816 suo
1108 775 1250 816 modo
1269 773 1491 829 intelligas

218 845 270 886 de
289 844 444 893 tribus,
485 853 673 897 quatuor
691 852 733 882 et
754 841 944 895 pluribus
964 839 1304 893 interpolandis.

336 912 413 961 38.
481 906 771 961 Imperfectus
807 916 959 946 tamen
998 905 1055 945 est
1082 904 1150 944 hic
1183 903 1493 959 interpolandi

216 974 373 1016 modus
403 1001 414 1024 ‚
454 971 575 1014 valet
598 973 720 1013 enim
739 981 913 1013 tantum
933 971 976 1010 in
996 971 1054 1010 eis
1076 968 1235 1010 casibus
1253 970 1324 1011 vbi
1344 982 1488 1022 expo-

215 1049 373 1080 nentes
407 1037 494 1079 siue
529 1038 696 1079 radices
739 1048 1028 1078 numerorum
1064 1035 1490 1089 interpolandorum

213 1103 564 1158 progrediuntur
599 1115 680 1158 per
717 1101 986 1143 differentias
1012 1099 1233 1154 aequales,
1274 1099 1487 1155 quemad-

212 1171 401 1210 modum
431 1170 565 1210 etiam
598 1168 764 1210 radices
792 1166 1001 1209 serierum
1019 1164 1355 1208 collestiuarum
1378 1177 1488 1219 pro-

212 1235 339 1286 gredi
354 1233 513 1275 solent.
581 1234 777 1283 Verum,
816 1231 955 1286 quidsi
974 1230 1262 1285 inaequaliter
1282 1230 1489 1272 differant

214 1299 379 1338 radices
417 1295 433 1337 ,ἶ
471 1299 555 1339 Pro
581 1297 669 1338 hoc
701 1298 795 1337 casu
820 1297 953 1337 alium
989 1296 1175 1336 modum
1212 1296 1486 1349 excogitaui,

217 1370 348 1410 quem
364 1359 439 1396 suo
460 1367 671 1409 tempore
695 1370 780 1396 vna
805 1370 906 1396 cum
935 1359 1091 1408 insigni
1116 1361 1186 1398 vsu
1204 1374 1336 1412 quem
1357 1372 1486 1412 prae-

218 1421 321 1471 stat,
363 1420 719 1460 communicabo.

338 1499 415 1535 39.
484 1484 655 1539 Quarto
690 1483 829 1521 etiam
856 1481 908 1521 ad
934 1482 1023 1522 vsus
1049 1483 1258 1524 serierum
1289 1485 1486 1527 collecti-

214 1559 367 1589 varum
385 1545 559 1596 refero,
587 1546 706 1600 quod
727 1558 878 1585 earum
897 1558 986 1599 ope
1006 1555 1105 1586 tota
1122 1547 1310 1600 vulgaris
1329 1550 1487 1591 Arith-

213 1614 376 1653 metica
414 1611 601 1664 figurata
627 1611 821 1652 breuiter
834 1611 950 1651 tradi
971 1620 1015 1651 et
1034 1610 1158 1652 facile
1176 1613 1367 1668 intelligi
1382 1628 1488 1668 pos-

212 1676 277 1718 fit.
351 1675 531 1718 Subtilia
547 1675 642 1722 sunt
672 1704 683 1727 ,
726 1674 905 1730 prolixa
930 1675 1117 1716 simulet
1146 1678 1362 1732 perplexa
1379 1693 1488 1734 quae

213 1753 237 1781 a
256 1743 476 1782 veteribus
500 1741 552 1781 de
574 1742 767 1781 numeris
787 1740 981 1794 figuratis
1002 1744 1271 1795 accepimus,
1313 1754 1357 1784 et
1368 1746 1487 1799 quod

213 1806 346 1860 paulo
367 1810 489 1861 peius
513 1805 596 1846 effe
624 1806 802 1847 videtur
825 1833 836 1856 ,
879 1805 1045 1846 nullum
1071 1805 1163 1847 fere
1182 1808 1302 1848 vsum
1324 1808 1486 1862 figura-

213 1882 366 1913 torum
388 1884 678 1912 numerorum
701 1871 985 1912 ostenderunt
1017 1898 1028 1922 ‚
1070 1871 1146 1912 nis1
1174 1875 1245 1927 qui
1262 1872 1405 1914 forsan
1433 1875 1487 1916 ad

212 1937 435 1990 ingenium
458 1936 756 1978 exercendum
780 1936 958 1990 spectat.
1064 1936 1106 1979 Si
1131 1939 1222 1992 quis
1252 1948 1402 1979 tamen
1435 1938 1486 1981 sit

214 2004 278 2043 cui
301 2002 381 2043 sint
400 2003 443 2042 in
462 2001 647 2051 deliciis,
689 2003 722 2042 is
740 2002 792 2042 ad
821 2001 1040 2055 sequentia
1064 2001 1172 2043 velit
1200 2004 1449 2044 attendere.

332 2081 412 2121 40.
479 2068 598 2108 Tota
617 2066 956 2120 polygonorum
976 2076 1018 2106 et
1057 2068 1397 2121 pyramidalium
1423 2068 1484 2110 fa-

213 2131 334 2173 milia
373 2133 573 2186 pertinet
604 2132 656 2172 ad
683 2132 813 2173 series
839 2130 1089 2174 collec'tiuas
1123 2132 1217 2173 illas
1247 2161 1258 2185 ‚
1300 2146 1484 2187 quarum

218 2195 461 2239 differentia
497 2196 719 2251 originalis
759 2197 902 2250 prima
950 2198 1134 2250 ponitur
1168 2209 1263 2238 za.
1299 2199 1485 2240 secunda

215 2270 371 2303 :1-c1
393 2290 404 2314 ,
444 2262 633 2317 reliquae
653 2274 764 2306 vero
789 2273 947 2303 omnes
962 2273 1055 2303 zo.
1156 2262 1210 2305 In
1235 2264 1376 2306 tertio
1405 2261 1481 2302 ha-

819 2325 860 2371 G
902 2340 927 2367 2
1384 2339 1483 2369 rum
