2013 2719
580 163 682 220 '440
921 158 1445 208 OBSERVATIONES

584 271 751 313 notaui.
821 267 949 310 Nunc
971 268 1023 308 ad
1040 269 1124 309 iter
1142 268 1244 308 iussu
1261 267 1714 311 IMPERATORIAE
1735 270 1847 312 MA-

583 331 852 379 IESTATIS
869 333 915 372 in
951 345 1021 373 me
1042 332 1279 385 susceptum
1302 333 1517 385 peruenio
1540 347 1552 384 ·,
1591 334 1678 372 cius
1697 333 1791 374 finis
1805 348 1848 374 e·-

585 410 653 441 rat
676 425 688 447 ,
719 407 768 438 vt
789 409 878 437 non
900 395 1182 436 solummodo
1204 396 1530 437 obseruationes
1552 396 1851 437 determinan-

585 463 648 503 dis
666 460 1009 514 longitudinibus
1029 471 1071 499 et
1089 460 1386 500 latitudinibus
1417 461 1701 501 inseruientes
1736 460 1851 501 insti-

586 537 788 574 tuerem,
827 536 934 578 quae
958 523 1215 564 necessariae
1239 534 1362 563 erant
1376 535 1420 564 vt
1434 537 1618 577 mappae
1631 523 1853 566 Geodeci-

588 591 746 631 starum
767 600 913 628 earum
935 599 1023 640 ope
1055 588 1280 628 emendari
1301 587 1472 640 possent
1493 593 1530 639 3)
1564 589 1633 628 sed
1656 589 1788 629 etiam
1810 588 1855 627 in

585 652 770 706 Physicis
784 664 890 705 quae
909 662 1065 691 notatu
1078 651 1206 702 digna
1226 651 1359 691 essent
1383 652 1671 693 obseruarem.

703 715 877 768 Reliqui
917 726 1025 766 ergo
1062 714 1326 766 Petropolin
1364 715 1431 754 die
1452 730 1493 765 9.
1530 715 1696 768 Aprilis
1733 714 1852 756 Anni

596 792 723 831 1727
744 779 839 820 stilo
863 790 984 818 nouo
1008 787 1051 818 et
1075 790 1237 818 nouam
1262 779 1487 832 Ladogam
1518 780 1584 820 die
1612 793 1667 819 12
1698 791 1853 832 perue-

588 846 659 896 ni·‚
696 843 836 897 spatio
857 853 1006 882 tamen
1025 841 1100 882 sex
1132 842 1301 882 dierum
1330 855 1415 895 quo
1456 843 1513 882 ibi
1550 853 1855 883 commoratus

588 908 646 948 fui
669 920 759 948 non
797 906 981 959 amplius
1005 918 1133 959 quam
1171 905 1269 945 duas
1291 906 1616 947 obseruationes
1637 905 1858 946 latitudini

588 972 874 1013 inseruientes
895 971 1116 1011 instituere
1142 969 1280 1009 licuit.
1382 971 1493 1010 Hinc
1523 970 1739 1023 profustus
1764 970 1855 1008 sum

589 1036 659 1076 die
682 1034 850 1087 Aprilis
871 1047 946 1085 19,
989 1043 1032 1072 et
1046 1032 1362 1084 Cargapolium
1377 1059 1389 1082 ‚
1404 1033 1474 1072 vbi
1495 1033 1563 1071 die
1594 1037 1670 1071 26.
1690 1030 1855 1083 Aprilis

591 1098 878 1147 adueneram‚
917 1096 987 1135 die
1009 1100 1055 1135 6.
1075 1095 1182 1135 Maii
1203 1093 1371 1146 reliqui.
1469 1095 1636 1134 Omnes
1658 1095 1855 1133 obserua-

590 1163 737 1203 tiones
754 1159 1053 1202 Latitudinum
1073 1158 1116 1196 in
1138 1156 1200 1196 his
1218 1155 1327 1195 locis
1345 1156 1553 1196 institutas
1571 1157 1643 1196 suo
1660 1158 1766 1196 loco
1780 1168 1857 1195 ex-

592 1236 775 1279 ponam.
876 1220 1075 1260 Tandem
1106 1219 1174 1258 die
1200 1232 1256 1258 12
1280 1219 1387 1260 Maii
1405 1220 1448 1258 in
1468 1220 1748 1272 conspectum
1770 1221 1857 1261 Ar·

592 1282 969 1338 changelopeleos
988 1282 1115 1331 veni,
1153 1283 1317 1323 intrare
1336 1291 1486 1322 tamen
1503 1284 1656 1323 vrbem
1677 1295 1767 1322 non
1791 1284 1858 1323 ni·

591 1351 622 1392 fi
643 1351 774 1390 tribus
795 1347 938 1387 diebus
962 1345 1112 1399 postea
1132 1344 1254 1386 licuit
1280 1373 1293 1396 ‚
1340 1347 1545 1399 quoniam
1571 1347 1743 1388 Duinae
1769 1355 1858 1386 tra-

596 1415 730 1456 ieetus
754 1413 808 1451 ob
831 1411 983 1464 glaciei
1006 1409 1130 1449 frusta
1159 1410 1203 1448 in
1231 1422 1279 1449 ea
1297 1411 1477 1464 copiose
1506 1411 1739 1460 ssuc‘tantia‚
1782 1410 1857 1449 ad-

595 1477 780 1519 modum
803 1474 986 1515 difficilis
1006 1472 1088 1512 effe
1116 1472 1356 1513 videbatur.
1452 1473 1695 1528 Sequuntur
1715 1473 1857 1513 obser-

596 1541 802 1581 vationes
829 1535 1211 1589 Archangelopoli
1229 1535 1476 1588 institutae,
1503 1551 1602 1591 quas
1621 1546 1721 1578 ante
1742 1537 1863 1578 diem

602 1616 677 1657 15.
699 1603 819 1658 Maii,
855 1603 1052 1658 incipere
1069 1612 1158 1641 non
1176 1599 1300 1642 licuit
1319 1615 1334 1655 3
1369 1613 1422 1642 en
1442 1600 1495 1642 fic
1512 1602 1551 1644 se
1569 1600 1745 1642 habent.
