2013 2719
536 561 842 625 NOVA
912 560 1280 626 RATIO

322 652 692 698 DEDVCENDI
732 653 1032 698 REGVLAM
1065 653 1185 696 IAM
1222 651 1438 697 PASSIM

729 717 1060 762 TRADITAM

257 779 415 843 PRO
478 778 646 838 CEN
651 779 713 838 T
718 779 833 838 Ro
904 778 1462 839 OSCILLATION
1473 778 1535 839 IS

279 864 640 927 PENDVLI
667 863 1019 942 CVIVSque
1043 862 1462 924 COMPOSIT
1466 865 1513 936 Ι,

292 953 503 999 PETITA
540 953 622 995 EX
661 953 930 997 THEORIA
968 952 1175 996 MOTVS
1198 951 1494 996 GRAVIVM

444 1018 513 1065 IN
549 1018 837 1068 ARCVBVS
877 1016 1344 1065 CIRCVLARIBVS.

791 1145 1007 1205 Amore

598 1231 810 1297 Iacobo
844 1232 1210 1294 Hermanno.

467 1532 726 1591 Osteaquam
755 1533 949 1590 primum
975 1535 1197 1590 Hugenius
1217 1535 1261 1578 in
1283 1536 1417 1581 tertia
1435 1537 1536 1582 Par·
1561 1545 1610 1578 M.
1633 1547 1725 1581 Febr,

504 1600 804 1656 teHorologii
822 1600 1109 1653 Oscillatorii‚
1124 1603 1276 1657 postea
1287 1616 1400 1646 vero
1422 1614 1465 1646 et
1480 1618 1537 1650 ex
1558 1593 1644 1628 ¹⁷²8·

506 1666 744 1708 interuallo
774 1667 874 1708 Viri
893 1666 1188 1710 Celeberrimi
1215 1669 1390 1710 Fratres
1425 1670 1536 1713 Ber-

503 1731 675 1785 noullii‚
688 1731 873 1774 Iacobus
887 1741 929 1772 et
942 1732 1149 1785 Ioannes,
1164 1733 1341 1788 quisque
1353 1734 1538 1778 metho-

262 1797 364 1838 dum
384 1797 505 1839 suam
537 1796 810 1852 peculiarem
838 1798 1094 1838 inueniendi
1129 1808 1334 1840 centrum
1366 1798 1536 1841 oscilla-

193 1906 197 1912 ,
262 1863 398 1904 tionis
420 1864 463 1903 in
486 1861 686 1917 pendulis
705 1861 968 1916 compofitis
990 1862 1205 1904 dederunt
1220 1891 1232 1915 ,
1271 1861 1538 1907 Geometris

262 1929 404 1969 ad'tum
428 1939 561 1981 agere
580 1927 785 1978 videbor,
799 1927 920 1982 quod
940 1927 993 1968 de
1008 1928 1171 1970 eodem
1185 1927 1274 1969 hoc
1295 1940 1534 1981 argumen-

262 2001 312 2032 to
344 2005 455 2033 nunc
478 1992 640 2048 aliquid
679 1993 841 2034 iterum
863 2005 1078 2047 promere
1109 2006 1284 2035 mecum
1304 1993 1531 2046 constitui,

263 2067 306 2097 et
319 2058 494 2111 quidem
517 2059 588 2099 diu
611 2058 839 2112 postquam
852 2057 941 2112 ipse
962 2071 1136 2114 quoque
1157 2060 1201 2099 in
1221 2058 1536 2101 Phoronomia

264 2121 315 2161 de
336 2135 390 2162 eo
413 2123 499 2163 iam
519 2123 641 2165 fufius
663 2124 732 2177 egi
756 2150 767 2174 ,
807 2122 880 2164 sed
901 2121 990 2164 alio
1021 2122 1312 2165 fundamento
1342 2125 1518 2165 innixus

265 2184 349 2227 Sed
369 2186 396 2227 fi
418 2188 660 2233 deducendi
679 2189 836 2233 modus
859 2201 997 2233 nouus
1020 2190 1103 2243 est,
1141 2203 1228 2246 quo
1249 2189 1445 2248 regulam
1476 2188 1533 2231 fic

263 2248 396 2292 Tom.
417 2250 512 2296 ΠΙ.
988 2256 1031 2299 Α
1431 2253 1534 2297 satis
