2013 2719
404 151 830 206 ARTchLAns
866 151 1165 204 LAPmEzs
1353 169 1409 215 25
1422 170 1446 215 ς

169 300 200 328 ,,
217 284 334 314 mam
358 268 564 325 protensa
587 276 631 309 et
653 267 755 309 saxo
778 266 1055 309 inhaerentia
1098 295 1109 319 ‚
1162 278 1261 310 cum
1288 279 1376 324 quo
1396 268 1451 310 fi·-

166 339 292 393 „mul
312 334 542 379 secundum
562 332 891 387 longitudinem
912 333 1085 376 diffesta
1107 332 1215 374 sunt.
1255 360 1285 386 ,‚
1359 335 1450 378 Re-

167 403 277 444 latio
298 400 392 445 Cel.
416 399 513 441 Viri
531 398 660 438 nimis
679 407 878 438 accurata
897 398 956 439 est
976 425 988 448 ‚
1028 410 1077 442 vt
1099 397 1170 439 vel
1192 397 1449 441 lenissimam

168 466 464 522 negligentiae
484 463 772 516 suspicionem
791 473 977 503 mouere
998 463 1142 516 possit.
1216 463 1291 505 De
1317 473 1438 505 cete-

168 546 220 574 ro
242 533 360 572 enim
378 528 500 571 facile
521 526 660 568 fuisset
680 526 911 581 suspicaris
943 527 1058 581 quasi
1078 528 1198 569 forte
1220 527 1303 568 hae
1324 528 1449 570 tabu-

166 596 235 637 lae
272 608 360 636 non
388 593 440 635 ad
466 591 798 634 horizontalem
827 590 957 633 situm
990 592 1221 634 radiorum
1249 620 1261 643 ‚
1303 593 1454 647 quibus.

170 670 406 710 ornantur,
445 658 518 700 sed
533 659 787 707 stratorum,
801 656 949 712 quibus
967 657 1013 698 in
1031 666 1148 700 terra
1161 656 1355 711 sepultae
1375 661 1446 700 in-

169 727 404 774 cedebant,
443 722 613 777 politae
634 720 830 773 finirent,
866 731 915 763 vt
934 722 1045 763 adeo
1057 723 1169 764 radii
1190 722 1450 778 obliquere-

167 790 312 846 spectu
331 787 573 830 tabularum
592 786 660 828 fiti
681 785 865 841 patellas
884 786 1002 840 suas»,
1041 787 1187 842 quibus
1215 788 1416 830 constant
1439 816 1456 841 ,

170 857 364 897 minores
399 850 572 904 semper
598 851 794 903 politura
824 851 1115 893 exhibuissent
1143 879 1155 904 ‚
1193 865 1280 906 quo
1311 854 1450 906 magis

169 921 283 961 intra
295 914 454 958 tabulas
474 914 735 956 reconditae
755 913 942 955 fuiss'ent.
1023 915 1110 958 Sed
1130 926 1178 957 vt
1201 919 1453 960 exercitata

166 986 210 1025 in
229 983 337 1024 hisce
357 980 480 1021 rebus
512 990 650 1034 opera
676 981 786 1023 Rev.
808 979 906 1020 Viri
928 992 1137 1036 magnum
1156 981 1254 1023 satis
1273 981 1449 1036 scrupu-

160 1049 251 1089 lum
288 1046 384 1087 huic
413 1046 693 1088 coniecturae
720 1044 934 1087 iniecisset
953 1072 965 1096 ‚
1008 1057 1193 1092 omnem
1221 1045 1451 1090 dubitandi

157 1112 310 1154 locum
331 1111 534 1152 eximunt
557 1122 607 1151 ea
626 1139 638 1163 ,
675 1122 784 1165 quae
810 1109 891 1152 Vir
911 1109 1008 1154 Cel.
1029 1110 1249 1165 prioribus
1277 1111 1402 1154 addit
1436 1140 1452 1167 ,

158 1204 183 1229 ,,
197 1175 318 1229 poffe
330 1186 372 1216 et
393 1174 496 1216 talia
508 1171 704 1230 corpora
721 1177 764 1217 in
784 1176 1117 1218 conitenuioris
1128 1175 1444 1231 formampro-

162 1267 193 1290 „
208 1239 328 1280 tensa
348 1239 502 1290 alias‚s1
519 1240 667 1282 saxum
688 1236 1057 1293 malleo'prouide
1081 1241 1375 1296 diffringatur,
1390 1255 1448 1286 ex

162 1330 194 1354 ‚‚
210 1316 265 1344 eo
279 1303 430 1344 eximi.
471 1330 499 1354 ,‚
568 1305 636 1345 Ita
656 1304 774 1342 enim
796 1304 991 1355 politura
1010 1307 1195 1346 accusari
1224 1319 1315 1346 non
1336 1317 1444 1359 pot-

163 1367 236 1408 est.
337 1366 524 1408 Interim
552 1379 607 1408 ex
628 1366 916 1418 discrepantia
938 1367 1011 1407 ista
1030 1367 1137 1409 haec
1156 1369 1270 1424 sequi
1286 1370 1445 1411 viden-

162 1442 245 1474 tur.
315 1430 401 1472 Vel
421 1431 530 1472 radii
551 1432 708 1472 dantur
727 1430 833 1471 tales
852 1431 1176 1483 cylindroidaei
1190 1447 1281 1475 non
1302 1434 1443 1476 solum

159 1496 229 1539 sed
250 1505 293 1536 ct
314 1495 482 1545 conici,
522 1496 588 1536 vti
609 1495 651 1534 in
670 1493 1020 1536 Belcmnitarum
1049 1509 1212 1549 genere
1241 1498 1435 1551 obtinet,

160 1562 231 1603 vel
250 1560 394 1600 conici
414 1559 553 1600 solum
572 1561 729 1601 dantur
751 1586 762 1609 ‚
806 1569 850 1600 et
871 1572 957 1613 ego
978 1559 1093 1601 haud
1113 1562 1225 1602 adeo
1240 1561 1438 1604 fortuna-

164 1635 207 1666 ta
225 1626 340 1666 sorte
361 1634 480 1665 natus
500 1625 610 1677 sum,
647 1634 695 1665 vt
715 1626 886 1677 apicem
910 1626 1012 1667 coni
1040 1627 1250 1681 detegere
1276 1639 1439 1681 potue-

165 1690 260 1730 rim.
328 1689 490 1732 Graues
510 1700 660 1731 tamen
682 1688 774 1730 sunt
794 1690 991 1731 rationes
1017 1718 1029 1743 7
1067 1704 1174 1745 quae
1192 1692 1312 1747 prius
1350 1694 1440 1735 sua—

165 1754 291 1805 den-t,
326 1753 399 1794 etsi
421 1755 632 1809 posterius
653 1765 824 1796 temere
846 1768 1007 1809 negare
1029 1755 1185 1796 nolim.
1264 1757 1438 1799 Decer-

166 1830 268 1860 nent
290 1820 341 1860 de
358 1818 441 1860 hoc
462 1819 566 1861 aliae
591 1820 880 1863 curiosorum
902 1822 953 1862 de
973 1820 1088 1862 hisce
1108 1821 1321 1875 lapidibus
1343 1823 1437 1864 col·

163 1883 390 1935 lectiones,
429 1896 470 1926 et
489 1885 604 1926 sorte
625 1885 788 1926 melior
807 1885 896 1926 sors
915 1886 1024 1927 rnihi
1043 1886 1274 1940 aliquando
1300 1900 1435 1930 euen-

159 1960 268 1990 tura.
371 1950 580 1993 Ceterum
618 1950 821 2005 apposite
869 1951 920 1992 ad
956 1951 1149 1993 nostram
1171 1950 1434 2006 descriptio-

165 2026 260 2053 nem
282 2014 592 2057 transferuntur
614 2017 745 2057 verba
767 2015 909 2057 Mellii
954 2043 964 2066 ,
1007 2028 1063 2058 ex
1087 2016 1159 2057 10.
1180 2016 1295 2057 Frid.
1314 2018 1434 2060 Le0-.

163 2077 285 2131 poldi
306 2080 521 2121 relatione
541 2083 711 2123 itineris
734 2081 901 2123 Succici
928 2081 978 2121 nd
995 2081 1052 2123 D.
1074 2082 1360 2124 Woodward
1374 2083 1432 2125 fa-

162 2145 252 2193 fta,
290 2157 393 2197 quae
424 2145 615 2188 Londini
635 2148 677 2188 in
704 2151 793 2188 Svo
815 2146 1016 2199 prodiit,
1057 2147 1236 2189 addueta
1269 2160 1310 2200 p.
1356 2160 1432 2196 27.

162 2204 276 2250 Tom.
315 2209 393 2250 111.
764 2211 818 2252 Li
1272 2212 1429 2254 dieen-
