<?xml version="1.0" encoding="UTF-8"?>
<!DOCTYPE html PUBLIC "-//W3C//DTD XHTML 1.0 Transitional//EN"
    "http://www.w3.org/TR/xhtml1/DTD/xhtml1-transitional.dtd">
<html xmlns="http://www.w3.org/1999/xhtml" xml:lang="en" lang="en">
 <head>
  <title>
</title>
<meta http-equiv="Content-Type" content="text/html;charset=utf-8" />
  <meta name='ocr-system' content='tesseract 3.04.00' />
  <meta name='ocr-capabilities' content='ocr_page ocr_carea ocr_par ocr_line ocrx_word'/>
</head>
<body>
  <div class='ocr_page' id='page_1' title='image "./commentariiacade03impe_0154.png"; bbox 0 0 2013 2719; ppageno 0'>
   <div class='ocr_carea' id='block_1_1' title="bbox 599 168 1668 236">
    <p class='ocr_par' dir='ltr' id='par_1_1' title="bbox 599 168 1668 236">
     <span class='ocr_line' id='line_1_1' title="bbox 599 168 1668 236; baseline 0.002 -16"><span class='ocrx_word' id='word_1_1' title='bbox 599 178 696 232; x_wconf 76' lang='lat'>136</span> <span class='ocrx_word' id='word_1_2' title='bbox 817 168 1142 221; x_wconf 81' lang='lat' dir='ltr'><strong><em>REDVCTIO</em></strong></span> <span class='ocrx_word' id='word_1_3' title='bbox 1177 169 1668 236; x_wconf 65' lang='lat' dir='ltr'><strong><em>AEQVATIONVM</em></strong></span> 
     </span>
    </p>
   </div>
   <div class='ocr_carea' id='block_1_2' title="bbox 586 280 1874 2128">
    <p class='ocr_par' dir='ltr' id='par_1_2' title="bbox 594 280 1861 408">
     <span class='ocr_line' id='line_1_2' title="bbox 594 280 1861 341; baseline 0.002 -15"><span class='ocrx_word' id='word_1_4' title='bbox 594 286 679 326; x_wconf 83' lang='lat' dir='ltr'>erit</span> <span class='ocrx_word' id='word_1_5' title='bbox 701 284 755 325; x_wconf 89' lang='lat' dir='ltr'>ob</span> <span class='ocrx_word' id='word_1_6' title='bbox 774 280 821 337; x_wconf 68' lang='grc' dir='ltr'>(ζ)</span> <span class='ocrx_word' id='word_1_7' title='bbox 840 283 1036 325; x_wconf 80' lang='lat' dir='ltr'>constans</span> <span class='ocrx_word' id='word_1_8' title='bbox 1054 280 1310 335; x_wconf 65' lang='lat' dir='ltr'>dd2·:dzd)¹.</span> <span class='ocrx_word' id='word_1_9' title='bbox 1377 283 1497 325; x_wconf 85' lang='lat' dir='ltr'>Hanc</span> <span class='ocrx_word' id='word_1_10' title='bbox 1518 285 1572 325; x_wconf 94' lang='lat' dir='ltr'>ob</span> <span class='ocrx_word' id='word_1_11' title='bbox 1592 297 1685 326; x_wconf 91' lang='lat' dir='ltr'>rem</span> <span class='ocrx_word' id='word_1_12' title='bbox 1705 281 1861 341; x_wconf 52' lang='lat' dir='ltr'>aequass</span> 
     </span>
     <span class='ocr_line' id='line_1_3' title="bbox 594 345 1837 408; baseline 0 -18"><span class='ocrx_word' id='word_1_13' title='bbox 594 350 663 390; x_wconf 83' lang='lat' dir='ltr'>tio</span> <span class='ocrx_word' id='word_1_14' title='bbox 687 349 841 389; x_wconf 76' lang='lat' dir='ltr'>vltima</span> <span class='ocrx_word' id='word_1_15' title='bbox 873 348 1232 389; x_wconf 80' lang='lat' dir='ltr'>transmutabitur</span> <span class='ocrx_word' id='word_1_16' title='bbox 1258 349 1300 388; x_wconf 92' lang='lat' dir='ltr'>in</span> <span class='ocrx_word' id='word_1_17' title='bbox 1335 348 1584 400; x_wconf 59' lang='lat' dir='ltr'>dem4&#39;÷</span> <span class='ocrx_word' id='word_1_18' title='bbox 1601 345 1837 408; x_wconf 57' lang='lat' dir='ltr'>szasym÷¹</span> 
     </span>
    </p>

    <p class='ocr_par' dir='ltr' id='par_1_3' title="bbox 590 412 1860 648">
     <span class='ocr_line' id='line_1_4' title="bbox 590 412 1859 465; baseline 0.002 -12"><span class='ocrx_word' id='word_1_19' title='bbox 590 412 1286 465; x_wconf 45' lang='lat' dir='ltr'>:zm&#39;a&#39;ym⁴*·¹-÷-z⁷⁷¹-¹dymdz.</span> <span class='ocrx_word' id='word_1_20' title='bbox 1354 414 1470 454; x_wconf 75' lang='lat' dir='ltr'>Haec</span> <span class='ocrx_word' id='word_1_21' title='bbox 1491 424 1660 463; x_wconf 74' lang='lat' dir='ltr'>autem,</span> <span class='ocrx_word' id='word_1_22' title='bbox 1702 414 1730 455; x_wconf 88' lang='lat' dir='ltr'>fi</span> <span class='ocrx_word' id='word_1_23' title='bbox 1750 415 1859 455; x_wconf 87' lang='lat' dir='ltr'>diui-</span> 
     </span>
     <span class='ocr_line' id='line_1_5' title="bbox 595 471 1860 534; baseline 0.001 -17"><span class='ocrx_word' id='word_1_24' title='bbox 595 477 721 517; x_wconf 81' lang='lat' dir='ltr'>datur</span> <span class='ocrx_word' id='word_1_25' title='bbox 741 490 822 530; x_wconf 89' lang='lat' dir='ltr'>per</span> <span class='ocrx_word' id='word_1_26' title='bbox 842 476 881 528; x_wconf 56' lang='grc' dir='ltr'>α’]</span> <span class='ocrx_word' id='word_1_27' title='bbox 892 479 934 528; x_wconf 73' lang='lat' dir='ltr'>m,</span> <span class='ocrx_word' id='word_1_28' title='bbox 973 477 1088 517; x_wconf 75' lang='lat' dir='ltr'>dabit</span> <span class='ocrx_word' id='word_1_29' title='bbox 1111 477 1231 518; x_wconf 81' lang='lat' dir='ltr'>istam</span> <span class='ocrx_word' id='word_1_30' title='bbox 1252 471 1860 534; x_wconf 48' lang='lat' dir='ltr'>Pajv÷szdyzzm÷¹s0f÷</span> 
     </span>
     <span class='ocr_line' id='line_1_6' title="bbox 591 538 1858 598; baseline 0.002 -16"><span class='ocrx_word' id='word_1_31' title='bbox 591 538 771 582; x_wconf 68' lang='lat' dir='ltr'>zm-¹dz.</span> <span class='ocrx_word' id='word_1_32' title='bbox 828 542 991 582; x_wconf 87' lang='lat' dir='ltr'>Pendet</span> <span class='ocrx_word' id='word_1_33' title='bbox 1015 553 1124 595; x_wconf 83' lang='lat' dir='ltr'>ergo</span> <span class='ocrx_word' id='word_1_34' title='bbox 1143 541 1407 584; x_wconf 58' lang='lat' dir='ltr'>constructio</span> <span class='ocrx_word' id='word_1_35' title='bbox 1429 542 1686 597; x_wconf 81' lang='lat' dir='ltr'>propositae</span> <span class='ocrx_word' id='word_1_36' title='bbox 1707 555 1858 598; x_wconf 60' lang='lat' dir='ltr'>aequa*</span> 
     </span>
     <span class='ocr_line' id='line_1_7' title="bbox 591 605 1490 648; baseline 0.001 -2"><span class='ocrx_word' id='word_1_37' title='bbox 591 606 728 646; x_wconf 87' lang='lat' dir='ltr'>tionis</span> <span class='ocrx_word' id='word_1_38' title='bbox 747 619 769 647; x_wconf 82' lang='lat' dir='ltr'>a</span> <span class='ocrx_word' id='word_1_39' title='bbox 786 606 1107 648; x_wconf 63' lang='lat' dir='ltr'>construetione</span> <span class='ocrx_word' id='word_1_40' title='bbox 1128 605 1249 647; x_wconf 90' lang='lat' dir='ltr'>huius</span> <span class='ocrx_word' id='word_1_41' title='bbox 1269 607 1490 648; x_wconf 86' lang='lat' dir='ltr'>inuentae.</span> 
     </span>
    </p>

    <p class='ocr_par' dir='ltr' id='par_1_4' title="bbox 586 668 1874 1732">
     <span class='ocr_line' id='line_1_8' title="bbox 714 668 1857 725; baseline 0.003 -15"><span class='ocrx_word' id='word_1_42' title='bbox 714 684 787 710; x_wconf 85' lang='lat'>21.</span> <span class='ocrx_word' id='word_1_43' title='bbox 864 668 934 713; x_wconf 87' lang='lat' dir='ltr'>Ex</span> <span class='ocrx_word' id='word_1_44' title='bbox 960 669 1107 721; x_wconf 83' lang='lat' dir='ltr'>hisce,</span> <span class='ocrx_word' id='word_1_45' title='bbox 1161 671 1383 722; x_wconf 82' lang='lat' dir='ltr'>arbitror,</span> <span class='ocrx_word' id='word_1_46' title='bbox 1445 670 1730 723; x_wconf 80' lang='lat' dir='ltr'>intelligitur,</span> <span class='ocrx_word' id='word_1_47' title='bbox 1751 684 1857 725; x_wconf 91' lang='lat' dir='ltr'>quo—</span> 
     </span>
     <span class='ocr_line' id='line_1_9' title="bbox 589 734 1860 789; baseline 0.002 -14"><span class='ocrx_word' id='word_1_48' title='bbox 589 734 732 775; x_wconf 89' lang='lat' dir='ltr'>modo</span> <span class='ocrx_word' id='word_1_49' title='bbox 760 736 1043 789; x_wconf 46' lang='lat' dir='ltr'>aequ-‘itiones</span> <span class='ocrx_word' id='word_1_50' title='bbox 1078 734 1390 775; x_wconf 80' lang='lat' dir='ltr'>differentiales</span> <span class='ocrx_word' id='word_1_51' title='bbox 1424 735 1596 776; x_wconf 85' lang='lat' dir='ltr'>secundi</span> <span class='ocrx_word' id='word_1_52' title='bbox 1629 736 1782 787; x_wconf 81' lang='lat' dir='ltr'>gradus</span> <span class='ocrx_word' id='word_1_53' title='bbox 1808 737 1860 778; x_wconf 78' lang='lat' dir='ltr'>ad</span> 
     </span>
     <span class='ocr_line' id='line_1_10' title="bbox 589 799 1861 854; baseline 0.002 -16"><span class='ocrx_word' id='word_1_54' title='bbox 589 810 724 838; x_wconf 67' lang='lat' dir='ltr'>vnum</span> <span class='ocrx_word' id='word_1_55' title='bbox 746 799 921 854; x_wconf 77' lang='lat' dir='ltr'>aliquod</span> <span class='ocrx_word' id='word_1_56' title='bbox 940 799 1075 840; x_wconf 89' lang='lat' dir='ltr'>trium</span> <span class='ocrx_word' id='word_1_57' title='bbox 1096 799 1404 852; x_wconf 80' lang='lat' dir='ltr'>expositorum</span> <span class='ocrx_word' id='word_1_58' title='bbox 1423 812 1556 852; x_wconf 83' lang='lat' dir='ltr'>genus</span> <span class='ocrx_word' id='word_1_59' title='bbox 1583 801 1861 853; x_wconf 85' lang='lat' dir='ltr'>pertinentes</span> 
     </span>
     <span class='ocr_line' id='line_1_11' title="bbox 591 863 1858 920; baseline 0.002 -18"><span class='ocrx_word' id='word_1_60' title='bbox 591 863 768 904; x_wconf 56' lang='lat' dir='ltr'>tradi-ari</span> <span class='ocrx_word' id='word_1_61' title='bbox 789 873 1017 920; x_wconf 82' lang='lat' dir='ltr'>oporteat.</span> <span class='ocrx_word' id='word_1_62' title='bbox 1088 864 1227 905; x_wconf 83' lang='lat' dir='ltr'>Facile</span> <span class='ocrx_word' id='word_1_63' title='bbox 1247 864 1423 917; x_wconf 87' lang='lat' dir='ltr'>quidem</span> <span class='ocrx_word' id='word_1_64' title='bbox 1442 867 1643 905; x_wconf 85' lang='lat' dir='ltr'>concedo</span> <span class='ocrx_word' id='word_1_65' title='bbox 1663 877 1764 905; x_wconf 79' lang='lat' dir='ltr'>raro</span> <span class='ocrx_word' id='word_1_66' title='bbox 1785 865 1858 904; x_wconf 77' lang='lat' dir='ltr'>ad-</span> 
     </span>
     <span class='ocr_line' id='line_1_12' title="bbox 590 927 1861 982; baseline 0.004 -16"><span class='ocrx_word' id='word_1_67' title='bbox 590 927 775 967; x_wconf 87' lang='lat' dir='ltr'>modum</span> <span class='ocrx_word' id='word_1_68' title='bbox 803 929 857 968; x_wconf 75' lang='lat' dir='ltr'>ad</span> <span class='ocrx_word' id='word_1_69' title='bbox 883 928 990 968; x_wconf 75' lang='lat' dir='ltr'>tales</span> <span class='ocrx_word' id='word_1_70' title='bbox 1017 929 1297 982; x_wconf 65' lang='lat' dir='ltr'>aequ-,itiones</span> <span class='ocrx_word' id='word_1_71' title='bbox 1325 930 1576 982; x_wconf 85' lang='lat' dir='ltr'>perueniri,</span> <span class='ocrx_word' id='word_1_72' title='bbox 1641 929 1683 968; x_wconf 91' lang='lat' dir='ltr'>in</span> <span class='ocrx_word' id='word_1_73' title='bbox 1713 929 1861 982; x_wconf 86' lang='lat' dir='ltr'>quibus</span> 
     </span>
     <span class='ocr_line' id='line_1_13' title="bbox 593 990 1860 1044; baseline 0.005 -16"><span class='ocrx_word' id='word_1_74' title='bbox 593 1002 683 1029; x_wconf 89' lang='lat' dir='ltr'>non</span> <span class='ocrx_word' id='word_1_75' title='bbox 703 990 912 1032; x_wconf 79' lang='lat' dir='ltr'>alterutra</span> <span class='ocrx_word' id='word_1_76' title='bbox 929 992 1269 1032; x_wconf 79' lang='lat' dir='ltr'>indeterminata</span> <span class='ocrx_word' id='word_1_77' title='bbox 1292 993 1424 1044; x_wconf 53' lang='lat' dir='ltr'>desib,</span> <span class='ocrx_word' id='word_1_78' title='bbox 1459 995 1628 1034; x_wconf 74' lang='lat' dir='ltr'>Tamen</span> <span class='ocrx_word' id='word_1_79' title='bbox 1648 993 1860 1034; x_wconf 80' lang='lat' dir='ltr'>anemine</span> 
     </span>
     <span class='ocr_line' id='line_1_14' title="bbox 590 1052 1860 1106; baseline 0.002 -13"><span class='ocrx_word' id='word_1_80' title='bbox 590 1052 677 1093; x_wconf 86' lang='lat' dir='ltr'>hoc</span> <span class='ocrx_word' id='word_1_81' title='bbox 705 1054 888 1093; x_wconf 88' lang='lat' dir='ltr'>nomine</span> <span class='ocrx_word' id='word_1_82' title='bbox 918 1053 1158 1094; x_wconf 74' lang='lat' dir='ltr'>vtilitatem</span> <span class='ocrx_word' id='word_1_83' title='bbox 1195 1055 1314 1093; x_wconf 85' lang='lat' dir='ltr'>huius</span> <span class='ocrx_word' id='word_1_84' title='bbox 1351 1057 1519 1095; x_wconf 82' lang='lat' dir='ltr'>inuenti</span> <span class='ocrx_word' id='word_1_85' title='bbox 1556 1057 1860 1106; x_wconf 79' lang='lat' dir='ltr'>impugnatum</span> 
     </span>
     <span class='ocr_line' id='line_1_15' title="bbox 590 1116 1859 1170; baseline -0.002 -14"><span class='ocrx_word' id='word_1_86' title='bbox 590 1117 645 1157; x_wconf 89' lang='lat' dir='ltr'>iri</span> <span class='ocrx_word' id='word_1_87' title='bbox 674 1128 797 1170; x_wconf 90' lang='lat' dir='ltr'>puto.</span> <span class='ocrx_word' id='word_1_88' title='bbox 826 1118 940 1158; x_wconf 73' lang='lat' dir='ltr'>Pieri</span> <span class='ocrx_word' id='word_1_89' title='bbox 960 1117 1103 1169; x_wconf 83' lang='lat' dir='ltr'>potest</span> <span class='ocrx_word' id='word_1_90' title='bbox 1125 1144 1135 1166; x_wconf 84' lang='grc'>,</span> <span class='ocrx_word' id='word_1_91' title='bbox 1166 1126 1212 1157; x_wconf 72' lang='lat' dir='ltr'>vt</span> <span class='ocrx_word' id='word_1_92' title='bbox 1234 1129 1370 1156; x_wconf 86' lang='lat' dir='ltr'>nouus</span> <span class='ocrx_word' id='word_1_93' title='bbox 1390 1116 1537 1170; x_wconf 82' lang='lat' dir='ltr'>aliquis</span> <span class='ocrx_word' id='word_1_94' title='bbox 1557 1128 1734 1168; x_wconf 77' lang='lat' dir='ltr'>campus</span> <span class='ocrx_word' id='word_1_95' title='bbox 1754 1129 1859 1168; x_wconf 83' lang='lat' dir='ltr'>ape-</span> 
     </span>
     <span class='ocr_line' id='line_1_16' title="bbox 589 1178 1858 1235; baseline -0.002 -15"><span class='ocrx_word' id='word_1_96' title='bbox 589 1181 726 1222; x_wconf 77' lang='lat' dir='ltr'>riatur</span> <span class='ocrx_word' id='word_1_97' title='bbox 753 1180 1028 1235; x_wconf 79' lang='lat' dir='ltr'>problemata</span> <span class='ocrx_word' id='word_1_98' title='bbox 1049 1180 1277 1233; x_wconf 84' lang='lat' dir='ltr'>suggerens</span> <span class='ocrx_word' id='word_1_99' title='bbox 1295 1192 1481 1234; x_wconf 86' lang='lat' dir='ltr'>quorum</span> <span class='ocrx_word' id='word_1_100' title='bbox 1494 1178 1707 1220; x_wconf 85' lang='lat' dir='ltr'>resolutio</span> <span class='ocrx_word' id='word_1_101' title='bbox 1723 1179 1858 1219; x_wconf 78' lang='lat' dir='ltr'>adae-</span> 
     </span>
     <span class='ocr_line' id='line_1_17' title="bbox 588 1241 1858 1298; baseline -0.004 -13"><span class='ocrx_word' id='word_1_102' title='bbox 588 1244 1151 1298; x_wconf 78' lang='lat' dir='ltr'>quationestalesdeducat.</span> <span class='ocrx_word' id='word_1_103' title='bbox 1221 1241 1858 1295; x_wconf 50' lang='lat' dir='ltr'>Meminimealiquandophy‘</span> 
     </span>
     <span class='ocr_line' id='line_1_18' title="bbox 590 1302 1874 1361; baseline -0.002 -13"><span class='ocrx_word' id='word_1_104' title='bbox 590 1308 723 1348; x_wconf 86' lang='lat' dir='ltr'>ficum</span> <span class='ocrx_word' id='word_1_105' title='bbox 747 1307 979 1361; x_wconf 83' lang='lat' dir='ltr'>problema</span> <span class='ocrx_word' id='word_1_106' title='bbox 998 1306 1218 1359; x_wconf 83' lang='lat' dir='ltr'>quoddam</span> <span class='ocrx_word' id='word_1_107' title='bbox 1238 1305 1536 1346; x_wconf 86' lang='lat' dir='ltr'>resoluentem</span> <span class='ocrx_word' id='word_1_108' title='bbox 1556 1305 1608 1345; x_wconf 80' lang='lat' dir='ltr'>ad</span> <span class='ocrx_word' id='word_1_109' title='bbox 1628 1302 1736 1345; x_wconf 83' lang='lat' dir='ltr'>hanc</span> <span class='ocrx_word' id='word_1_110' title='bbox 1755 1317 1874 1356; x_wconf 31' lang='lat' dir='ltr'>per-³</span> 
     </span>
     <span class='ocr_line' id='line_1_19' title="bbox 589 1367 1858 1425; baseline -0.002 -13"><span class='ocrx_word' id='word_1_111' title='bbox 589 1371 753 1412; x_wconf 75' lang='lat' dir='ltr'>venisse</span> <span class='ocrx_word' id='word_1_112' title='bbox 775 1367 1447 1424; x_wconf 60' lang='lat' dir='ltr'>aequationemy²ddyzxdxds</span> <span class='ocrx_word' id='word_1_113' title='bbox 1517 1369 1610 1425; x_wconf 74' lang='lat' dir='ltr'>Qua</span> <span class='ocrx_word' id='word_1_114' title='bbox 1629 1377 1722 1409; x_wconf 90' lang='lat' dir='ltr'>tum</span> <span class='ocrx_word' id='word_1_115' title='bbox 1742 1377 1858 1409; x_wconf 84' lang='lat' dir='ltr'>tem-</span> 
     </span>
     <span class='ocr_line' id='line_1_20' title="bbox 591 1431 1857 1490; baseline -0.002 -14"><span class='ocrx_word' id='word_1_116' title='bbox 591 1435 713 1489; x_wconf 86' lang='lat' dir='ltr'>poris</span> <span class='ocrx_word' id='word_1_117' title='bbox 735 1448 873 1490; x_wconf 87' lang='lat' dir='ltr'>neque</span> <span class='ocrx_word' id='word_1_118' title='bbox 892 1447 914 1475; x_wconf 84' lang='lat' dir='ltr'>a</span> <span class='ocrx_word' id='word_1_119' title='bbox 935 1445 1006 1475; x_wconf 89' lang='lat' dir='ltr'>me</span> <span class='ocrx_word' id='word_1_120' title='bbox 1027 1446 1165 1486; x_wconf 88' lang='lat' dir='ltr'>neque</span> <span class='ocrx_word' id='word_1_121' title='bbox 1190 1433 1239 1474; x_wconf 83' lang='lat' dir='ltr'>ab</span> <span class='ocrx_word' id='word_1_122' title='bbox 1267 1433 1391 1483; x_wconf 77' lang='lat' dir='ltr'>aliis,</span> <span class='ocrx_word' id='word_1_123' title='bbox 1433 1445 1530 1473; x_wconf 91' lang='lat' dir='ltr'>cum</span> <span class='ocrx_word' id='word_1_124' title='bbox 1558 1431 1704 1486; x_wconf 88' lang='lat' dir='ltr'>quibus</span> <span class='ocrx_word' id='word_1_125' title='bbox 1731 1444 1857 1473; x_wconf 84' lang='lat' dir='ltr'>com·</span> 
     </span>
     <span class='ocr_line' id='line_1_21' title="bbox 592 1495 1858 1548; baseline -0.007 -7"><span class='ocrx_word' id='word_1_126' title='bbox 592 1501 944 1545; x_wconf 68' lang='lat' dir='ltr'>mufflcaueram,</span> <span class='ocrx_word' id='word_1_127' title='bbox 965 1495 1059 1536; x_wconf 83' lang='lat' dir='ltr'>vllo</span> <span class='ocrx_word' id='word_1_128' title='bbox 1086 1496 1226 1535; x_wconf 91' lang='lat' dir='ltr'>modo</span> <span class='ocrx_word' id='word_1_129' title='bbox 1252 1496 1400 1535; x_wconf 88' lang='lat' dir='ltr'>reduci</span> <span class='ocrx_word' id='word_1_130' title='bbox 1436 1505 1660 1548; x_wconf 88' lang='lat' dir='ltr'>potuerat.</span> <span class='ocrx_word' id='word_1_131' title='bbox 1729 1497 1858 1538; x_wconf 84' lang='lat' dir='ltr'>Nunc</span> 
     </span>
     <span class='ocr_line' id='line_1_22' title="bbox 588 1557 1855 1613; baseline -0.006 -7"><span class='ocrx_word' id='word_1_132' title='bbox 588 1575 702 1605; x_wconf 78' lang='lat' dir='ltr'>vero</span> <span class='ocrx_word' id='word_1_133' title='bbox 725 1588 737 1613; x_wconf 87' lang='lat'>‚</span> <span class='ocrx_word' id='word_1_134' title='bbox 778 1573 875 1602; x_wconf 90' lang='lat' dir='ltr'>cum</span> <span class='ocrx_word' id='word_1_135' title='bbox 896 1567 939 1600; x_wconf 86' lang='lat' dir='ltr'>et</span> <span class='ocrx_word' id='word_1_136' title='bbox 957 1558 1009 1598; x_wconf 86' lang='lat' dir='ltr'>ad</span> <span class='ocrx_word' id='word_1_137' title='bbox 1029 1558 1219 1611; x_wconf 89' lang='lat' dir='ltr'>primum</span> <span class='ocrx_word' id='word_1_138' title='bbox 1233 1567 1275 1597; x_wconf 88' lang='lat' dir='ltr'>et</span> <span class='ocrx_word' id='word_1_139' title='bbox 1297 1557 1349 1598; x_wconf 89' lang='lat' dir='ltr'>ad</span> <span class='ocrx_word' id='word_1_140' title='bbox 1360 1557 1734 1610; x_wconf 83' lang='lat' dir='ltr'>secundumgenus</span> <span class='ocrx_word' id='word_1_141' title='bbox 1754 1570 1855 1611; x_wconf 87' lang='lat' dir='ltr'>per·</span> 
     </span>
     <span class='ocr_line' id='line_1_23' title="bbox 591 1616 1855 1678; baseline -0.004 -10"><span class='ocrx_word' id='word_1_142' title='bbox 591 1628 732 1669; x_wconf 86' lang='lat' dir='ltr'>tineat</span> <span class='ocrx_word' id='word_1_143' title='bbox 752 1652 765 1678; x_wconf 86' lang='lat'><em>,</em></span> <span class='ocrx_word' id='word_1_144' title='bbox 788 1623 986 1667; x_wconf 65' lang='lat' dir='ltr'>reductio</span> <span class='ocrx_word' id='word_1_145' title='bbox 1006 1621 1129 1664; x_wconf 82' lang='lat' dir='ltr'>facile</span> <span class='ocrx_word' id='word_1_146' title='bbox 1157 1619 1347 1664; x_wconf 84' lang='lat' dir='ltr'>succeffit</span> <span class='ocrx_word' id='word_1_147' title='bbox 1375 1629 1424 1661; x_wconf 80' lang='lat' dir='ltr'>vt</span> <span class='ocrx_word' id='word_1_148' title='bbox 1452 1633 1508 1663; x_wconf 82' lang='lat' dir='ltr'>ex</span> <span class='ocrx_word' id='word_1_149' title='bbox 1534 1616 1570 1665; x_wconf 84' lang='lat'>§.</span> <span class='ocrx_word' id='word_1_150' title='bbox 1615 1634 1673 1663; x_wconf 90' lang='lat'>10</span> <span class='ocrx_word' id='word_1_151' title='bbox 1702 1622 1855 1664; x_wconf 81' lang='lat' dir='ltr'>videre</span> 
     </span>
     <span class='ocr_line' id='line_1_24' title="bbox 586 1690 705 1732; baseline -0.025 0"><span class='ocrx_word' id='word_1_152' title='bbox 586 1690 705 1732; x_wconf 89' lang='lat' dir='ltr'>licet.</span> 
     </span>
    </p>

    <p class='ocr_par' dir='ltr' id='par_1_5' title="bbox 591 1747 1856 2128">
     <span class='ocr_line' id='line_1_25' title="bbox 711 1747 1854 1805; baseline -0.003 -11"><span class='ocrx_word' id='word_1_153' title='bbox 711 1767 787 1794; x_wconf 84' lang='lat'>22.</span> <span class='ocrx_word' id='word_1_154' title='bbox 825 1753 922 1794; x_wconf 90' lang='lat' dir='ltr'>Hoc</span> <span class='ocrx_word' id='word_1_155' title='bbox 934 1763 1045 1793; x_wconf 86' lang='lat' dir='ltr'>vero</span> <span class='ocrx_word' id='word_1_156' title='bbox 1059 1759 1286 1805; x_wconf 82' lang='lat' dir='ltr'>praeterea</span> <span class='ocrx_word' id='word_1_157' title='bbox 1299 1749 1350 1790; x_wconf 86' lang='lat' dir='ltr'>de</span> <span class='ocrx_word' id='word_1_158' title='bbox 1372 1747 1854 1792; x_wconf 84' lang='lat' dir='ltr'>assumendaconstante</span> 
     </span>
     <span class='ocr_line' id='line_1_26' title="bbox 591 1814 1855 1870; baseline -0.006 -9"><span class='ocrx_word' id='word_1_159' title='bbox 591 1818 864 1861; x_wconf 90' lang='lat' dir='ltr'>monendum</span> <span class='ocrx_word' id='word_1_160' title='bbox 879 1817 980 1858; x_wconf 83' lang='lat' dir='ltr'>duxi</span> <span class='ocrx_word' id='word_1_161' title='bbox 1019 1833 1027 1858; x_wconf 76' lang='grc' dir='ltr'>ι</span> <span class='ocrx_word' id='word_1_162' title='bbox 1050 1817 1100 1857; x_wconf 92' lang='lat' dir='ltr'>In</span> <span class='ocrx_word' id='word_1_163' title='bbox 1115 1814 1438 1870; x_wconf 83' lang='lat' dir='ltr'>aequationibus</span> <span class='ocrx_word' id='word_1_164' title='bbox 1459 1815 1510 1855; x_wconf 88' lang='lat' dir='ltr'>ad</span> <span class='ocrx_word' id='word_1_165' title='bbox 1529 1814 1759 1856; x_wconf 89' lang='lat' dir='ltr'>secundum</span> <span class='ocrx_word' id='word_1_166' title='bbox 1777 1825 1855 1867; x_wconf 84' lang='lat' dir='ltr'>ge-</span> 
     </span>
     <span class='ocr_line' id='line_1_27' title="bbox 593 1876 1855 1934; baseline -0.005 -10"><span class='ocrx_word' id='word_1_167' title='bbox 593 1896 668 1924; x_wconf 87' lang='lat' dir='ltr'>nus</span> <span class='ocrx_word' id='word_1_168' title='bbox 689 1882 835 1923; x_wconf 79' lang='lat' dir='ltr'>relatis</span> <span class='ocrx_word' id='word_1_169' title='bbox 865 1881 972 1921; x_wconf 86' lang='lat' dir='ltr'>nihil</span> <span class='ocrx_word' id='word_1_170' title='bbox 992 1880 1198 1932; x_wconf 88' lang='lat' dir='ltr'>interest,</span> <span class='ocrx_word' id='word_1_171' title='bbox 1241 1880 1526 1934; x_wconf 83' lang='lat' dir='ltr'>quodcunque</span> <span class='ocrx_word' id='word_1_172' title='bbox 1561 1876 1855 1919; x_wconf 73' lang='lat' dir='ltr'>differenti-ale</span> 
     </span>
     <span class='ocr_line' id='line_1_28' title="bbox 591 1942 1852 1988; baseline -0.005 -1"><span class='ocrx_word' id='word_1_173' title='bbox 591 1947 789 1988; x_wconf 86' lang='lat' dir='ltr'>constans</span> <span class='ocrx_word' id='word_1_174' title='bbox 806 1945 854 1986; x_wconf 88' lang='lat' dir='ltr'>fit</span> <span class='ocrx_word' id='word_1_175' title='bbox 875 1945 1115 1986; x_wconf 71' lang='lat' dir='ltr'>assumtum.</span> <span class='ocrx_word' id='word_1_176' title='bbox 1215 1943 1358 1985; x_wconf 90' lang='lat' dir='ltr'>Potest</span> <span class='ocrx_word' id='word_1_177' title='bbox 1383 1944 1425 1983; x_wconf 94' lang='lat' dir='ltr'>id</span> <span class='ocrx_word' id='word_1_178' title='bbox 1445 1943 1528 1984; x_wconf 80' lang='lat' dir='ltr'>effe</span> <span class='ocrx_word' id='word_1_179' title='bbox 1558 1942 1628 1984; x_wconf 84' lang='lat' dir='ltr'>vel</span> <span class='ocrx_word' id='word_1_180' title='bbox 1647 1942 1852 1984; x_wconf 85' lang='lat' dir='ltr'>differen-</span> 
     </span>
     <span class='ocr_line' id='line_1_29' title="bbox 592 2005 1856 2059; baseline -0.004 -7"><span class='ocrx_word' id='word_1_181' title='bbox 592 2010 695 2052; x_wconf 88' lang='lat' dir='ltr'>tiale</span> <span class='ocrx_word' id='word_1_182' title='bbox 715 2010 961 2051; x_wconf 80' lang='lat' dir='ltr'>alterutrius</span> <span class='ocrx_word' id='word_1_183' title='bbox 979 2007 1192 2051; x_wconf 78' lang='lat' dir='ltr'>variabilis</span> <span class='ocrx_word' id='word_1_184' title='bbox 1212 2035 1224 2059; x_wconf 85' lang='lat'>,</span> <span class='ocrx_word' id='word_1_185' title='bbox 1259 2007 1329 2049; x_wconf 81' lang='lat' dir='ltr'>vel</span> <span class='ocrx_word' id='word_1_186' title='bbox 1355 2008 1468 2049; x_wconf 88' lang='lat' dir='ltr'>aliud</span> <span class='ocrx_word' id='word_1_187' title='bbox 1486 2005 1778 2049; x_wconf 83' lang='lat' dir='ltr'>differentiale</span> <span class='ocrx_word' id='word_1_188' title='bbox 1798 2016 1856 2047; x_wconf 86' lang='lat' dir='ltr'>ex</span> 
     </span>
     <span class='ocr_line' id='line_1_30' title="bbox 591 2068 1854 2128; baseline -0.005 -13"><span class='ocrx_word' id='word_1_189' title='bbox 591 2075 810 2128; x_wconf 69' lang='lat' dir='ltr'>Vtriusque</span> <span class='ocrx_word' id='word_1_190' title='bbox 831 2074 1047 2115; x_wconf 84' lang='lat' dir='ltr'>variabilis</span> <span class='ocrx_word' id='word_1_191' title='bbox 1066 2072 1419 2115; x_wconf 84' lang='lat' dir='ltr'>differentialibus</span> <span class='ocrx_word' id='word_1_192' title='bbox 1442 2081 1490 2113; x_wconf 80' lang='lat' dir='ltr'>vt</span> <span class='ocrx_word' id='word_1_193' title='bbox 1511 2071 1616 2111; x_wconf 86' lang='lat' dir='ltr'>libet</span> <span class='ocrx_word' id='word_1_194' title='bbox 1629 2068 1854 2122; x_wconf 81' lang='lat' dir='ltr'>compost-</span> 
     </span>
    </p>
   </div>
   <div class='ocr_carea' id='block_1_3' title="bbox 594 2134 1851 2238">
    <p class='ocr_par' dir='ltr' id='par_1_6' title="bbox 594 2134 1851 2238">
     <span class='ocr_line' id='line_1_31' title="bbox 594 2134 1851 2192; baseline -0.006 -11"><span class='ocrx_word' id='word_1_195' title='bbox 594 2147 688 2182; x_wconf 87' lang='lat' dir='ltr'>tum</span> <span class='ocrx_word' id='word_1_196' title='bbox 709 2166 723 2191; x_wconf 88' lang='lat'><em>‚</em></span> <span class='ocrx_word' id='word_1_197' title='bbox 763 2139 904 2181; x_wconf 87' lang='lat' dir='ltr'>modo</span> <span class='ocrx_word' id='word_1_198' title='bbox 925 2140 970 2181; x_wconf 87' lang='lat' dir='ltr'>id</span> <span class='ocrx_word' id='word_1_199' title='bbox 989 2139 1039 2183; x_wconf 86' lang='lat' dir='ltr'>fit</span> <span class='ocrx_word' id='word_1_200' title='bbox 1056 2165 1071 2192; x_wconf 83' lang='lat'><em>‚</em></span> <span class='ocrx_word' id='word_1_201' title='bbox 1106 2148 1155 2181; x_wconf 79' lang='lat' dir='ltr'>vt</span> <span class='ocrx_word' id='word_1_202' title='bbox 1177 2146 1326 2180; x_wconf 81' lang='lat' dir='ltr'>natura</span> <span class='ocrx_word' id='word_1_203' title='bbox 1343 2136 1558 2190; x_wconf 81' lang='lat' dir='ltr'>reiexigit</span> <span class='ocrx_word' id='word_1_204' title='bbox 1582 2163 1595 2190; x_wconf 84' lang='lat'><em>,</em></span> <span class='ocrx_word' id='word_1_205' title='bbox 1630 2134 1851 2186; x_wconf 86' lang='lat' dir='ltr'>homoge-</span> 
     </span>
     <span class='ocr_line' id='line_1_32' title="bbox 1718 2207 1850 2238; baseline 0 0"><span class='ocrx_word' id='word_1_206' title='bbox 1718 2207 1850 2238; x_wconf 81' lang='lat' dir='ltr'>neum</span> 
     </span>
    </p>
   </div>
  </div>
 </body>
</html>
