2013 2719
586 209 679 251 262
1073 199 1163 250 DE
1197 202 1422 253 RADHS

585 315 760 358 ratione
783 311 1036 370 inita‚plura
1057 310 1167 366 sunt,
1182 327 1228 356 ac
1250 314 1395 371 priori
1415 313 1653 369 conchylio
1672 311 1754 368 (§§.
1783 328 1856 370 17,

593 393 609 419 1
626 383 665 421 8.
692 394 708 419 1
720 383 785 432 9.)

709 457 782 496 29.
852 443 937 486 Pro
959 443 1083 485 radio
1115 443 1348 486 articulato
1385 445 1509 487 recto
1555 473 1567 497 ⁷
1603 441 1856 499 fiphunculo

585 507 781 549 medium
802 518 1112 562 percurrente,
1136 510 1368 550 testaceum
1387 511 1596 564 concipio
1616 510 1855 563 cylindroi-

584 572 741 613 daeum
763 600 775 622 ,
816 574 858 616 in
879 574 1292 615 concamerationes
1313 574 1512 626 diuisum,
1542 586 1719 628 quarum
1740 575 1856 630 septa

583 636 627 676 in
648 637 796 677 medio
819 637 1075 691 siphunculo
1098 638 1268 692 pertusa
1289 637 1383 677 sint.
1404 634 1486 689 (§§.
1513 653 1586 678 21.
1615 653 1687 679 22.

713 715 789 753 30·
864 703 946 743 Pro
973 702 1103 742 radiis
1125 702 1609 744 articulati>incurii-atis
1628 702 1857 756 conchylia

583 762 705 818 fingo
728 766 971 817 vniiialilia,
1009 767 1248 816 incuruata,
1274 767 1317 806 in
1354 770 1766 810 concamerationes
1793 768 1856 808 di-

582 830 762 881 stincta,
800 830 930 884 septis
951 830 1093 871 versus
1120 843 1252 872 vuum
1282 831 1390 871 latus
1428 831 1682 886 siphunculo
1708 842 1856 890 pertu-

581 893 643 934 sis.
665 889 719 943 (§.
750 900 844 947 24.)
928 896 1045 937 Haec
1069 896 1307 949 descriptio
1330 898 1508 950 egregie
1527 898 1735 939 conuenit
1752 893 1857 937 Cor-

580 970 697 998 nuum
718 957 926 999 Ammonis
950 963 1104 1013 integre
1124 958 1533 1015 (liuijhrmnjhmillae
1552 991 1562 1013 ‚
1603 963 1772 1015 eiusque
1792 960 1857 1000 in-

584 1022 739 1074 primis
762 1023 919 1074 speciei
964 1051 976 1073 ,
1047 1035 1174 1074 quam
1200 1023 1267 1062 sub
1293 1023 1437 1066 OsYrei
1458 1026 1638 1067 nomine
1659 1025 1859 1066 describit

586 1085 1019 1138 Philipp.Bonannus
1047 1085 1089 1124 in
1111 1084 1216 1125 Mus.
1246 1085 1466 1126 Kirch.C1.
1487 1087 1541 1124 II.
1565 1088 1859 1126 test.vniualv.

585 1162 626 1190 n.
650 1159 692 1189 et
716 1149 787 1202 fig.
814 1164 889 1201 39.

705 1229 780 1264 31.
848 1214 996 1253 Liceat
1018 1211 1212 1262 originem
1243 1208 1406 1249 horum
1434 1208 1774 1261 conchyliorum
1804 1222 1860 1251 cx

583 1279 691 1317 mari
709 1285 929 1328 repetere.
1032 1273 1217 1323 Lapides
1237 1273 1380 1319 enim,
1420 1282 1607 1323 quorum
1630 1283 1678 1310 ea
1698 1281 1858 1324 proto-

583 1351 689 1394 typa
709 1339 865 1380 censeo
883 1366 896 1388 ,
939 1337 1167 1390 pestinitas
1187 1334 1412 1387 eleganter
1433 1334 1604 1375 striatos
1633 1336 1860 1375 variorum

582 1417 819 1460 generum,
860 1399 1087 1444 conchitas
1110 1401 1338 1450 anomios‚
1362 1408 1406 1440 et
1425 1399 1635 1454 quaedam
1655 1398 1750 1450 alia,
1767 1398 1858 1439 for·

582 1482 628 1513 te
650 1468 941 1510 echinitarum
989 1492 999 1515 ‚
1049 1464 1167 1504 forte
1189 1464 1462 1512 meriritum,
1503 1461 1860 1516 petrcfae'taoffi-

583 1536 676 1577 cula
695 1535 774 1574 ἃς.
798 1530 1044 1573 indiuiduos
1061 1529 1215 1580 vbique
1237 1528 1428 1566 comites
1447 1526 1621 1566 habent.
1692 1526 1860 1580 thlus

580 1600 741 1652 largiar
764 1623 775 1645 ‚
816 1605 936 1635 mare
956 1590 1207 1634 Balthicum
1227 1591 1410 1643 antiquis
1429 1590 1704 1643 temporibus
1727 1603 1782 1632 eo
1796 1592 1858 1633 se—

584 1664 625 1704 se
647 1656 970 1714 exporrexiss‘e‚
1008 1656 1077 1696 vbi
1102 1654 1208 1695 radii
1232 1653 1365 1694 nostri
1396 1654 1676 1696 inueniuntur
1716 1682 1728 1705 ‚
1791 1669 1858 1697 ra-

587 1728 666 1767 diis
687 1725 750 1765 lii-s
771 1723 930 1764 ibidem
954 1747 964 1772 ‚
1006 1731 1103 1761 cum
1122 1720 1276 1760 littora
1296 1717 1472 1772 pristina
1506 1719 1755 1774 relinquens
1775 1720 1857 1761 alia

585 1799 781 1846 peteret,
803 1789 846 1829 in
865 1786 977 1828 ficco
998 1783 1285 1826 restit-antibus
1318 1810 1330 1833 ,
1365 1784 1667 1825 coniec'turare
1699 1786 1852 1825 audeo.

588 1855 739 1899 Solum
766 1865 847 1907 pro
876 1851 1049 1891 ratione
1078 1847 1264 1888 climatis
1290 1847 1592 1889 fertiliffimum
1614 1876 1626 1899 ⁷
1668 1848 1858 1901 ingentis

586 1919 718 1962 molis
738 1917 904 1971 lapides
924 1917 966 1956 in
986 1914 1151 1967 campis
1169 1911 1341 1965 dispersi
1369 1924 1411 1954 et
1441 1912 1599 1953 cliuosa
1634 1915 1760 1966 regio
1798 1908 1853 1962 (§.

590 1988 654 2037 3.)
675 1995 757 2037 pro
782 1981 921 2035 priori
939 1979 1142 2021 militant.
1196 1977 1361 2018 Fundus
1381 1978 1515 2018 etiam
1538 1988 1582 2017 et-
1598 1978 1754 2019 littora
1767 1990 1856 2018 ma-

586 2050 645 2090 ris
662 2046 868 2095 Balthici,
890 2055 935 2086 et
981 2055 1086 2098 quae
1109 2042 1195 2083 eius
1216 2042 1493 2083 continuatio
1521 2041 1578 2083 est
1624 2069 1635 2093 ,
1690 2043 1858 2084 Finnici

587 2111 769 2155 arenosa
805 2111 898 2151 sunt
931 2137 943 2160 ,
981 2107 1121 2149 solum
1140 2105 1224 2147 hoc
1244 2106 1410 2148 itidem.
1515 2106 1599 2147 Pro
1623 2106 1856 2160 posteriori

589 2176 747 2218 faciunt
768 2204 778 2229 ‚
816 2175 934 2230 quod
953 2172 1089 2215 nullus
1109 2171 1339 2224 basternis,
1373 2171 1489 2225 quod
1507 2170 1633 2212 sciam
1658 2199 1667 2219 ,
1710 2172 1752 2211 in
1770 2171 1854 2212 Eu-

1746 2246 1854 2286 ropa
