2013 2719
608 168 974 218 chTfflcAE.
1347 183 1441 226 37³

159 285 260 328 lunt.
351 281 703 336 Magnitudinem
731 280 889 336 populi
918 280 1112 334 Scythici
1133 281 1266 322 etiam
1288 281 1450 322 Xeno-

163 352 286 406 phon
308 349 556 402 praedicat,
597 349 665 398 (6)
687 358 815 399 negat
837 351 985 386 'tamen
1014 342 1196 399 Scythas
1224 346 1350 387 aliam
1374 347 1451 387 ali-

164 428 291 470 quam
314 422 494 467 gentem
514 412 709 464 subigere
730 411 1155 464 poffe7quodfi1isse
1177 411 1450 452 finibnscon-

165 482 361 529 tineam,
400 477 493 516 imo
532 489 553 517 a
590 475 825 516 Thracibus
858 485 899 514 et
929 475 1090 528 Illyriis
1119 486 1448 525 coerceantur,

165 541 534 599 quemadmodum
556 540 600 581 hi
628 553 799 594 quoque
822 553 843 580 a
867 538 1039 593 Scythis
1061 538 1359 590 obseruentur‚
1401 551 1449 581 vt

163 610 315 650 librata
334 606 600 661 populorum
622 606 802 646 illorum
821 606 1027 659 potentia
1047 605 1185 645 ceteri
1204 617 1373 658 quoque
1400 617 1449 644 0·

165 674 232 713 tio
255 672 526 726 perfruantur
547 680 590 711 et
614 682 735 724 pace.
846 670 886 710 Is
912 669 1175 723 Xenophon
1197 671 1238 709 in
1265 670 1405 709 reditu
1428 682 1450 709 e

162 737 325 778 Persica
361 735 651 788 expeditione
672 735 720 774 ab
740 735 988 776 Armenicis
1009 735 1116 787 iugis
1137 730 1203 774 διὸ.
1219 731 1450 783 Σκυθηνῶν

166 802 301 842 duxit.
368 801 435 850 (7)
472 801 676 852 Apparet
697 798 793 839 sane
814 798 1050 851 Scythinos
1068 800 1189 839 iuxta
1214 798 1451 840 Macronas

165 864 338 907 coluisse
359 864 409 906 ad
426 863 741 916 borapelioten
761 864 1051 915 Trapezuntis
1084 864 1202 903 iuxta
1219 866 1452 916 Afiwoffw

165 930 365 979 fluuium,
404 937 450 969 vt
468 926 732 980 Xenophon
756 940 854 966 enm
876 937 1023 968 vocat.
1105 929 1216 968 Puto
1242 941 1339 967 eum
1365 928 1447 967 effe

161 994 404 1033 Ptolemaei
422 989 624 1046 Apsorum
645 1020 654 1041 ‚
696 991 822 1033 Plinii
841 988 1043 1046 Absarrum
1067 1019 1078 1042 ‚
1119 992 1295 1033 Arrium
1317 987 1448 1045 Apsa-

156 1066 279 1108 rum,
319 1056 371 1096 ad
388 1069 517 1110 quem
537 1056 695 1098 Plinius
712 1069 884 1111 quoque
905 1057 1138 1098 Macronas
1160 1056 1448 1105 collocat,in-

158 1131 328 1161 certum
349 1121 442 1161 snae
464 1123 650 1173 aetatis,
694 1134 745 1162 an
764 1123 1001 1176 superioris
1023 1121 1285 1161 memoriae.
1308 1120 1446 1161 Vide-

159 1193 230 1226 tur
252 1186 295 1224 in
317 1185 630 1238 Xenophonte
653 1189 803 1241 potius
822 1187 1076 1240 corruptela
1094 1185 1305 1239 irrepsisse
1327 1214 1337 1236 ‚
1376 1195 1447 1225 aut

158 1247 209 1290 ab
230 1249 324 1303 ipso
347 1252 520 1291 auctore
543 1263 613 1292 ant
637 1265 659 1292 a
678 1252 821 1291 scribis
857 1268 865 1293 :
915 1264 1013 1290 nam
1043 1251 1237 1291 Arriano
1269 1251 1446 1302 Cappa-

158 1313 516 1366 dociaepraefidi
547 1342 557 1364 ‚
598 1315 846 1356 Alanornm
883 1314 1316 1366 victori7ceterisque
1348 1314 1444 1367 post

160 1389 259 1418 eum
289 1378 569 1432 scriptoribus
589 1391 678 1419 non
703 1380 847 1432 paucis
885 1381 1034 1431 potins
1070 1378 1202 1418 fidem
1229 1378 1382 1419 defero
1430 1405 1441 1428 ,

159 1454 286 1495 quam
312 1442 626 1496 Xenophonti.
737 1444 786 1484 In
814 1443 956 1484 Basilii
984 1442 1447 1495 Porphyrogennctue

157 1506 272 1560 Imp.
294 1506 563 1559 Menologio
586 1502 657 1555 (ἕξ)
675 1506 730 1546 est
752 1506 914 1560 ψάςξος.
957 1507 1040 1548 Sed
1060 1508 1160 1561 quid
1185 1509 1376 1548 nominis
1396 1507 1445 1547 fit

159 1568 361 1623 Scythini
384 1598 395 1622 ,
439 1581 481 1612 et
503 1584 556 1612 an
579 1585 600 1612 a
620 1570 794 1625 Scythis
816 1573 1012 1624 ductum,
1053 1585 1144 1613 non
1168 1572 1277 1612 item
1317 1571 1444 1613 facile

161 1645 359 1690 apparet.

275 1699 360 1742 Illo
396 1700 485 1742 fere
524 1711 734 1755 tempore
760 1703 1090 1757 Hippocrates,
1133 1715 1229 1744 cum
1253 1703 1306 1743 de
1335 1714 1436 1743 aere

158 1778 263 1818 aqua
285 1776 327 1806 et
348 1766 454 1806 locis
474 1778 858 1809 commentaretur
882 1796 892 1819 ‚
951 1769 1161 1822 quaedam
1192 1769 1243 1808 de
1265 1766 1440 1819 Scythis

158 1830 372 1879 disseruit,
412 1830 439 1870 fi
461 1833 598 1873 modo
619 1833 651 1871 is
670 1832 780 1873 liber
799 1834 1089 1887 Hippocratis
1109 1831 1180 1872 est.
1285 1830 1443 1872 Scribit

157 1905 304 1935 autem
325 1895 437 1935 circa
456 1895 658 1937 Maeotin
679 1897 961 1939 Sauromatas
981 1897 1154 1945 colere,
1207 1907 1339 1948 genus
1360 1895 1442 1937 ho-

158 1960 326 1999 minum
351 1958 602 2011 Scythicum
636 1990 645 2011 ,
689 1963 923 2017 quodquid
951 1962 1000 2003 fit
1030 1991 1040 2013 ,
1079 1960 1335 2003 Herodotus
1365 1973 1443 2001 ex-

157 2022 372 2078 planatius
394 2038 471 2066 nos
495 2026 656 2067 docuit.
671 2028 840 2068 Eorum
859 2040 1023 2069 vxores
1054 2026 1231 2067 arcubus
1253 2036 1296 2066 et
1315 2025 1443 2078 sagit-

1384 2101 1441 2130 tis

236 2176 284 2215 (6)
309 2178 554 2217 (Tyropacdiael.
576 2182 671 2219 l.1.4.
723 2180 768 2220 (7)
798 2169 836 2218 ἐν
851 2170 1047 2219 ἅμαξάσρι
1065 2174 1088 2207 1»
1115 2176 1166 2207 3V·
1186 2185 1209 2205 <⁸-
1234 2183 1260 2210 7-
1291 2177 1318 2210 8·
1359 2172 1400 2213 (*)
1426 2181 1449 2207 t,

151 2244 222 2277 121³.
237 2245 304 2270 221,
324 2239 370 2270 ed.
388 2239 524 2271 Vrbinat,
