2013 2719
642 149 1015 198 SCTTHJCAE.
1341 172 1436 213 393

164 267 282 310 neris
302 265 344 306 in
367 261 679 306 Macedoniam
701 263 834 304 missa.
939 261 1122 304 Triballi
1147 274 1260 306 vero
1279 262 1446 320 Philip-

164 345 271 387 pum
292 344 313 371 a
332 330 517 371 victoria
545 328 809 369 redeuntem
838 341 894 369 ex
914 328 1075 370 infidiis
1105 329 1276 379 adorti,
1315 342 1446 384 prae⁴

167 398 266 437 dam
287 402 555 436 auerterunt.
628 392 900 449 Quamquam
923 405 990 433 res
1017 393 1211 447 Philippi
1241 393 1445 436 obscurae

164 462 259 502 sunt
291 487 301 509 ‚
344 469 491 500 tamen
513 457 598 497 hoc
622 456 879 509 Scythicum
903 457 1066 499 bellum
1086 470 1189 500 ante
1209 458 1441 513 Olympia-

166 527 268 566 dem
291 523 367 565 VI.
395 536 430 563 1.
455 532 498 562 et
518 521 824 564 Alexandrum
845 531 996 563 natum
1028 522 1197 575 aliquot
1227 524 1347 564 annis
1365 536 1442 578 ge-

163 591 270 633 stum
288 588 474 630 videtur.
557 586 627 629 Ex
657 599 712 626 eo
737 596 948 640 tempore
977 587 1095 628 iuter
1113 586 1312 631 Graecos
1331 588 1448 631 serui

168 654 358 707 Scythae
378 651 460 693 effe
480 661 755 705 coeperunt,
795 651 916 693 bello
939 651 1273 704 Macedonico,
1298 662 1346 693 vt
1359 666 1439 707 pu—

165 728 233 769 ts),
275 717 402 770 capti.
470 716 626 757 Etiam
644 725 773 757 antea
794 715 1111 770 Aristophanes
1127 718 1170 757 iu
1194 717 1320 758 scena
1332 730 1439 771 pro-

165 783 289 824 duxit
309 777 548 823 Σκύθαιναν
572 781 737 821 seruam
774 806 786 830 ‚
827 780 936 821 teste
969 781 1133 832 Sinda,
1175 791 1327 823 tamen
1353 782 1441 824 fre-

165 848 417 902 quentiores
452 844 549 898 post
576 843 737 884 bellum
760 844 1016 896 Scythicum
1035 844 1226 899 Philippi
1259 837 1441 888 fuiffe'in

164 913 348 956 Graecia
385 910 527 951 seruos
571 917 615 948 et
653 907 793 947 seruas
831 921 854 948 e
875 908 1051 962 Scythis
1070 910 1326 953 verosimile
1364 911 1438 952 est.

164 978 336 1019 Contra
358 987 405 1014 ea
423 973 588 1017 Athens
608 971 806 1015 Graecos
835 984 1010 1028 quoque
1047 974 1092 1013 in
1126 973 1334 1016 seruitute
1371 985 1439 1017 te-

160 1040 253 1079 nuit
275 1065 286 1089 ,
323 1040 368 1078 in
388 1038 533 1092 quibus
552 1036 630 1078 fuit
650 1036 862 1092 Ιο-μηνῐας
883 1029 1026 1093 ἅςιςος
1047 1034 1266 1090 οἰυλητῆς,
1303 1052 1438 1094 quem

159 1115 257 1143 cum
280 1103 348 1143 alii
366 1103 484 1143 inter
506 1104 665 1157 pocula
691 1112 927 1143 canentem
957 1103 1282 1145 admirarentur
1312 1130 1323 1154 ,
1372 1105 1438 1147 A-

159 1166 283 1208 theas
306 1167 459 1206 iurauit
509 1195 519 1217 ‚
574 1167 792 1208 hinnitum
818 1167 916 1221 equi
936 1166 1009 1209 fibi
1027 1168 1191 1209 maiori
1212 1169 1439 1222 voluptati

159 1231 272 1281 effe,
312 1243 438 1285 quam
455 1231 578 1273 illum
597 1233 784 1273 tibicinis
806 1232 1042 1272 stridorem
1071 1258 1082 1282 ‚
1118 1236 1187 1283 (6)
1211 1245 1264 1274 ne
1292 1234 1438 1288 quain

157 1308 208 1338 re
229 1296 540 1338 Macedonibus
561 1295 734 1337 laudem
752 1295 980 1336 videretur
1001 1295 1206 1336 tribuisse.

280 1360 362 1401 Sub
396 1360 587 1413 Philippi
616 1358 730 1412 regis
758 1370 951 1399 aetatem
982 1357 1188 1412 Ephorus
1216 1360 1437 1404 Cumanus

159 1425 343 1477 triginta
362 1425 479 1465 libris
500 1424 663 1467 Graeas
683 1422 882 1464 historias
903 1425 1006 1464 inde
1027 1423 1077 1463 ab
1095 1425 1338 1467 Heraclidis
1364 1440 1434 1468 vs-

158 1501 239 1542 que
259 1488 310 1528 ad
332 1488 603 1529 obsidionem
626 1486 821 1528 Perinthi
842 1498 885 1527 et
908 1487 1186 1540 Olympiadis
1207 1490 1327 1532 CIX.
1357 1504 1432 1531 an·-

160 1565 262 1594 num
284 1569 327 1606 4.
349 1552 622 1606 consignatas
654 1551 842 1605 reliquit.
920 1553 996 1594 His
1026 1551 1099 1592 ille
1127 1554 1323 1596 imitatus
1343 1557 1430 1597 He-

158 1618 370 1658 rodotum
412 1617 463 1657 de
499 1617 700 1657 omnium
730 1617 963 1669 regionum
993 1616 1072 1657 situ
1100 1646 1111 1669 ‚
1150 1628 1198 1659 vt
1221 1629 1315 1659 tum
1337 1630 1431 1661 erat

161 1693 317 1722 notum
339 1680 528 1732 Graecis,
552 1680 698 1734 pasfim
719 1681 941 1732 intexuit,
963 1682 1083 1735 quod
1103 1683 1280 1736 quidem
1303 1685 1432 1727 nobis

159 1747 328 1787 constat
348 1758 368 1785 e
388 1745 640 1799 fragmentis
664 1745 845 1798 Scymni
881 1745 984 1789 Chii
1004 1746 1331 1788 Holstenianis.·

263 1812 441 1851 Ero-cm.
460 1805 545 1853 ἐπ’
564 1809 677 1852 oluf?
694 1808 888 1866 ςέματος
911 1810 990 1860 τῆς
1013 1809 1246 1861 Μαιώτιδες

278 1877 441 1930 Λιμνης
463 1874 510 1916 τὲ
531 1874 837 1918 Παντικάπαιόν
872 1876 957 1925 ἑςιν
978 1874 1150 1930 ἔχατον

276 1939 345 1980 T&
363 1937 580 1993 Boo-wige·
605 1939 811 1996 βασιλεῖαι]
829 1938 1227 1996 ε”ω-ωνεμασμένον.

280 2000 510 2045 Ανωῧῑενόἐ
535 2003 670 2046 τέτων
689 2003 715 2057 ἡ
738 2000 937 2056 Σκυθικὴ
959 2003 1182 2062 βάᾶξαᾶῡς

743 2070 851 2113 Eee
891 2083 915 2109 2
1310 2067 1430 2125 11655

238 2215 289 2252 (6)
321 2218 489 2245 siut-archus
505 2218 529 2245 in
552 2219 828 2256 Apopli›.h<rg‚inatis
844 2226 871 2254 12.
890 2218 999 2255 154dc
1017 2219 1150 2245 Fortuna
1163 2216 1327 2245 Alexandri
1337 2222 1427 2255 p.334

155 2257 323 2286 Secundum
340 2258 502 2295 Epicurum
527 2259 654 2289 maniter
673 2270 732 2288 nou
751 2259 829 2296 poss:
848 2261 907 2287 vui
931 2268 957 2295 p.
974 2264 1059 2296 1r95,
