2013 2719
582 148 989 200 MVNGALICA.
1340 131 1449 209 391‘

159 261 564 309 Brahmanicorum
601 261 933 304 elementorum
972 262 1017 300 in
1040 258 1152 302 Sinis
1180 261 1271 312 est,
1310 274 1440 315 quem

155 330 403 385 superstitio
426 342 448 370 a
483 327 830 378 Erahmanibus,
871 327 1138 379 Tangutanis
1169 353 1180 377 ,
1223 326 1442 379 Mungalis

155 397 201 436 in
222 407 409 448 regnum
430 394 608 435 aduecta
630 394 682 434 ad
702 392 1066 445 interpretandos
1093 391 1316 432 sacrorum
1341 392 1439 432 suo-

154 474 253 502 rum
274 460 412 501 libros
430 459 628 512 requirit.
696 458 812 500 Nam
833 456 1083 498 Brahmana
1109 457 1356 509 superstitio
1377 457 1439 497 ita

155 528 201 567 in
218 526 475 578 Tangutana
500 534 542 563 et
562 523 776 563 Tibetana
799 523 1083 570 continetur,
1115 530 1164 561 vt
1185 519 1283 561 huic
1303 522 1439 562 etiam

124 596 127 598 ’
157 590 316 643 aliquid
339 603 360 630 a
382 589 609 630 christiana
647 588 1019 630 Nestorianorum
1049 585 1268 638 religione
1297 586 1436 625 admi-

156 655 265 696 stum
288 653 349 694 sit.
439 655 582 711 Quare
620 666 713 693 non
736 653 792 693 est
823 651 1095 701 mirandum,
1134 649 1435 692 Brahmanum

155 715 451 757 litteraturam
476 722 518 751 et
541 718 676 751 libros
696 717 810 764 apud
832 717 912 757 hos
925 717 1059 756 etiam
1079 716 1275 764 populos
1297 715 1434 756 inho-

159 791 272 819 nore
292 777 395 826 effe,
436 786 479 816 et
503 776 556 816 ad
574 777 810 817 Lam-arum
831 776 1194 829 Bonziorumque
1232 776 1436 818 sacerdo-

159 854 250 884 tum
275 841 581 895 cognitionem
603 842 846 892 pertinere.
915 841 972 882 Et
993 839 1313 881 Brahmanicae
1342 843 1435 896 qui*

157 910 257 949 dem
277 907 473 956 litterae,
515 914 562 945 vt
585 905 728 957 prima
748 905 790 943 in
810 904 925 944 linea
953 915 1205 958 ponuntur,
1247 907 1307 946 ita
1329 920 1433 948 nor-

155 985 225 1011 ma
247 972 338 1011 sunt
359 981 401 1010 et
423 968 569 1022 regula
590 970 750 1010 horum
782 970 1126 1010 elementorum.
1215 972 1330 1013 Nam
1358 984 1433 1012 ne*

150 1046 232 1086 que
252 1034 364 1087 apud
389 1036 687 1088 Tangutanos,
709 1046 848 1087 neque
875 1033 988 1087 apud
1001 1034 1250 1087 Mungalos‚
1279 1046 1433 1075 omnes

150 1096 248 1137 illae
285 1098 493 1151 litterae,
535 1111 643 1153 quae
663 1098 732 1138 hic
750 1100 996 1152 spectantur
1028 1125 1038 1148 ‚
1081 1099 1431 1152 vsurparivulgo

154 1161 314 1203 solent.
399 1164 548 1205 Immo
571 1165 783 1218 quaedam
809 1164 1127 1204 tantummodo
1152 1165 1195 1204 in
1216 1163 1431 1206 Brahma-

151 1226 259 1267 nicis
278 1227 522 1281 Indicisque
543 1229 725 1270 vocibus
745 1229 976 1269 scribendis
999 1227 1260 1268 adhibentur
1283 1256 1294 1278 ‚
1338 1241 1430 1269 non

151 1291 197 1331 in
217 1291 483 1344 Tangutanis
504 1304 546 1334 et
570 1292 839 1345 Mungalicis-
945 1292 1100 1345 Neque
1129 1292 1197 1332 hic
1225 1294 1340 1333 ordo
1370 1292 1430 1333 al-

153 1355 334 1409 phabeti
357 1356 597 1409 Mungalici
618 1357 698 1406 est,
738 1355 807 1395 sed
829 1355 931 1396 alius
954 1357 1083 1409 plane
1108 1383 1119 1406 7
1156 1367 1205 1397 vt
1227 1357 1302 1398 suo
1321 1355 1428 1398 loco

152 1430 196 1460 et
220 1430 428 1474 tempore
452 1421 761 1461 demonstrabo
782 1437 789 1461 2
830 1433 882 1460 an
919 1421 1168 1474 Tangutani
1194 1422 1312 1462 idem
1333 1421 1428 1463 vul·

149 1497 208 1538 go
233 1485 345 1526 ordo
369 1484 418 1525 fit
442 1513 453 1535 ,
494 1487 566 1540 qui
590 1484 873 1527 Brahmanici
902 1485 959 1525 est
987 1512 998 1535 ,
1041 1487 1187 1527 dicere
1207 1499 1298 1527 non
1322 1499 1424 1540 pos-

147 1550 251 1592 sum.
355 1550 497 1607 Quare
525 1560 674 1591 totum
701 1549 788 1590 hoc
813 1560 1125 1603 comparatum
1147 1553 1342 1592 maxime
1365 1551 1423 1593 est

146 1615 202 1656 ad
222 1613 534 1656 Brahmanicae
554 1615 832 1656 litteraturae
852 1614 1205 1656 illustrationem.
1281 1616 1425 1657 Volu-

152 1679 267 1732 ptati
304 1677 409 1719 mihi
448 1680 489 1720 in
530 1681 682 1734 primis
719 1679 827 1731 fuit⁷
862 1679 1032 1721 litteras
1051 1690 1142 1721 tam
1165 1682 1421 1722 reconditas

150 1742 514 1797 contemplari‚et
534 1745 724 1796 credidi,
767 1744 890 1798 posse
907 1746 957 1785 iis
976 1746 1207 1798 explicatis
1233 1746 1423 1800 aliquem

150 1809 285 1848 etiam
306 1808 519 1850 maiorem
542 1810 726 1853 frustum
749 1810 956 1863 deinceps
976 1809 1152 1863 sperari.
1222 1810 1323 1861 Sed,
1349 1810 1418 1851 hic

147 1871 508 1928 Rhodushicjczlta
530 1903 541 1926 ,
583 1876 709 1929 saepe
731 1887 905 1915 mecum
928 1875 1124 1928 cogitaui
1142 1875 1244 1927 ipse.
1300 1875 1419 1917 Mes-

146 1937 445 1979 serschmidius
468 1941 650 1995 negabat
689 1939 824 1991 mihi,
844 1939 1059 1982 haruncce
1078 1938 1329 1981 litterarum
1349 1954 1419 1981 ra-

148 2002 324 2043 tionem
361 2003 454 2045 satis
482 2004 520 2046 se
540 2005 768 2048 recordari
789 2003 910 2058 poffe
934 2015 978 2046 et
1001 2005 1415 2059 occupationessuas

146 2067 412 2120 >obiiciebat,
450 2070 596 2111 iustam
618 2069 715 2112 sane
735 2069 965 2111 excusandi
987 2070 1168 2110 caussam
1200 2086 1208 2111 ε
1248 2079 1290 2111 at
1323 2082 1415 2109 ma-

146 2131 324 2186 gistrum
358 2146 485 2189 quem
524 2135 655 2177 alium
693 2145 764 2176 aut
792 2134 908 2174 vnde
931 2131 1240 2176 nanciscerer?
1279 2133 1417 2175 Venit

762 2199 853 2241 Ffs
881 2213 907 2240 2.
1301 2196 1414 2238 mihi
