2013 2719
537 181 885 234 PETROPOLI
888 179 1022 234 TAM
1025 181 1072 233 V
1070 182 1146 232 M.
1400 205 1419 233 1
1429 185 1491 247 §3

220 307 411 338 numero
431 295 565 338 oculis
584 296 804 349 sistuntur,
826 309 873 337 ac
896 298 1046 351 primo
1083 295 1260 351 quidem
1292 295 1492 350 Thymus

218 364 422 417 Vtrimque
443 363 555 403 adest
575 390 587 413 ,
630 363 789 403 dexter
810 362 972 402 scilicet
994 374 1131 403 venae
1155 361 1416 412 subclauiae,
1439 362 1489 404 fi-

217 428 349 468 nister
370 440 506 468 venae
526 439 653 468 cauae
674 426 938 467 incumbens.
1020 439 1060 465 2.
1099 427 1394 468 Pericardium
1413 439 1489 480 ge-

216 493 386 532 minum
413 491 481 533 seu
509 490 770 544 bicapsulare
813 517 826 540 ‚
883 489 1069 531 multam
1099 503 1253 544 aquam
1282 491 1490 532 citi-inam

215 558 465 596 continens.
538 571 579 608 3.
618 555 724 596 Duo
750 555 884 595 corda
909 553 1100 607 perfec‘ta
1128 566 1171 595 et
1191 556 1420 607 inuiolata,
1439 569 1487 597 v-

214 631 320 660 num
351 621 642 671 dextrorsum,
665 620 852 660 alterum
879 618 1177 659 finisti-orsum.
1249 635 1294 671 4.
1334 620 1488 661 Pulmo

212 686 417 739 vtrinque
436 698 563 725 more
584 685 812 725 ordinario
835 683 1153 725 conformatus.
1225 695 1267 734 5.
1308 682 1415 725 Vasa
1437 697 1488 724 o-

211 751 332 790 mnia
360 751 536 802 gemina
565 762 650 804 pro
671 749 807 790 corde
835 749 1044 801 gemino,
1073 760 1121 787 ac
1151 748 1195 787 in
1223 749 1362 788 corde
1392 749 1489 803 qui-

211 813 315 854 dem
336 816 497 854 dextro
519 815 570 854 ad
592 816 679 854 eius
701 814 906 854 dextrum
927 811 1066 853 finum
1084 812 1170 852 duo
1190 813 1284 853 vasa
1305 813 1490 865 exstant,

211 890 345 919 vnum
366 878 602 929 venosum,
644 879 762 931 quod
780 879 896 918 resta
916 876 1057 917 versus
1085 876 1347 917 inferiorern
1375 890 1486 918 ven-

211 952 327 982 trem
350 943 592 992 descendit,
635 942 733 982 data
749 940 1037 982 solummodo
1059 940 1215 981 dextra
1235 942 1418 994 iugulari
1441 950 1489 982 et>

208 1005 417 1048 subclauia
447 1035 458 1058 ,
500 1019 606 1062 quae
630 1007 682 1046 ad
715 1016 846 1059 caput
875 1005 1081 1045 dextrum
1100 1005 1315 1058 spectant:
1354 1007 1484 1047 Alte-

204 1083 302 1111 rum
316 1072 577 1113 arteriofum
596 1084 650 1111 ex
661 1084 747 1125 quo
761 1071 988 1124 postquam
1001 1069 1087 1109 duo
1109 1069 1279 1111 canales
1301 1069 1352 1110 ad
1373 1071 1482 1112 dex-

203 1136 265 1174 tri
285 1137 518 1188 pulmones
535 1147 770 1189 vtrumque
791 1135 941 1175 lobum
954 1135 1188 1175 tendentes
1201 1133 1350 1187 egi-effi
1371 1135 1487 1187 sunt,

207 1210 329 1237 arcus
357 1202 532 1240 demum
568 1201 832 1241 efformatur
862 1228 874 1250 ,
911 1199 983 1253 qui
1013 1210 1101 1239 tres
1129 1213 1151 1240 e
1179 1200 1311 1240 dorso
1334 1211 1484 1242 ramos

207 1262 453 1301 carotidem
471 1264 631 1304 scilicet
651 1264 858 1304 finistram
881 1264 1026 1304 dextri
1039 1265 1208 1317 capitis,
1226 1264 1482 1307 subclauiam

211 1322 439 1374 dextram,
473 1338 520 1364 ac
543 1326 728 1376 denique
748 1338 918 1363 ramum
937 1327 1101 1376 cuspidi
1122 1330 1357 1379 proprium
1371 1342 1478 1379 pro-

211 1385 369 1426 ducens
393 1387 673 1428 sinistrorsum
701 1388 939 1428 reflectitur
965 1398 1225 1442 noi-tamque
1247 1392 1478 1432 mentitura„

325 1451 374 1490 In
394 1454 536 1492 altero
555 1453 621 1492 seu
643 1450 809 1491 finistro
829 1451 965 1491 corde
988 1480 999 1502 ,
1037 1452 1089 1491 ad
1115 1453 1250 1493 sinum
1271 1454 1478 1495 dextrum

206 1526 317 1554 vena
339 1528 440 1554 caua
459 1516 656 1567 superior
676 1515 721 1553 in
743 1527 889 1555 arcum
915 1514 1030 1554 flexa
1061 1542 1073 1565 ,
1115 1529 1137 1555 e
1159 1518 1322 1558 duobus
1344 1520 1477 1560 ramis

205 1579 414 1631 iugulares
437 1590 479 1620 et
498 1579 724 1619 subclauias
743 1578 1081 1620 efformantibus
1107 1581 1310 1621 constans
1329 1582 1397 1622 sub
1423 1596 1474 1623 o⁴

209 1643 327 1683 culos
345 1643 457 1684 cadit
505 1672 515 1694 7
556 1645 673 1697 isque
696 1644 846 1696 postea
868 1656 987 1684 arcus
1005 1656 1136 1684 venas
1157 1645 1338 1686 sinistras
1360 1646 1471 1687 alte-

206 1707 292 1746 rius
311 1708 546 1760 corpusculi
566 1709 786 1761 producit.
875 1708 1004 1749 quta
1026 1709 1267 1761 praefatam
1288 1724 1469 1763 venam,

204 1772 364 1811 arteria
385 1786 536 1826 magna
558 1786 613 1814 ex
633 1774 796 1814 eodem
815 1772 902 1813 finu
925 1773 1151 1827 egreditur
1180 1803 1191 1825 ,
1229 1788 1335 1827 quae
1359 1776 1469 1816 duo-

200 1834 277 1874 bus
299 1838 423 1876 ramis
441 1839 491 1878 ad
512 1838 722 1879 sinistrum
747 1837 1005 1891 pulmonem
1043 1838 1294 1879 transmissis
1314 1867 1325 1889 ,
1374 1839 1468 1879 for-

205 1912 356 1953 maque
384 1914 498 1943 arcus
526 1903 704 1946 assumta
733 1902 935 1943 deorsum
965 1904 1084 1942 iuxta
1111 1903 1256 1956 spinae
1278 1903 1468 1945 sinistrae

205 1963 375 2005 dudum
395 1968 534 2008 tendit
555 1996 565 2017 ‚
608 1981 629 2008 e
648 1969 765 2008 cuius
784 1982 903 2008 arcus
924 1967 1054 2008 dorso
1076 1966 1176 2008 hinc
1197 1968 1374 2023 dextra,
1411 1967 1465 2009 il-

197 2026 284 2069 linc
303 2028 460 2071 finistra
494 2032 703 2073 subclauia
741 2033 938 2086 pullulat.

315 2095 526 2137 Totidem
549 2099 732 2152 denique
751 2098 847 2139 vasa
867 2112 890 2139 e
912 2097 1080 2140 sinistro
1110 2099 1198 2140 sinu
1230 2112 1463 2154 emergen-

198 2156 262 2218 tia
278 2159 509 2217 conspicua
528 2161 635 2219 sunt,
654 2164 861 2205 nimirum
882 2176 993 2206 vena
1013 2166 1063 2207 ad
1075 2164 1337 2221 pulmonem
1364 2166 1460 2217 spe-

781 2228 852 2273 Cc
893 2242 918 2270 2
1327 2232 1460 2274 ‹St-ans,
