2013 2719
567 193 594 232 3
602 193 629 232 9
640 192 664 221 2
1022 171 1381 221 MEMORIAE

566 285 673 326 doni
706 311 717 335 ‚
788 293 926 336 neque
955 282 1124 336 petiisse
1139 281 1177 322 se
1197 282 1406 323 auxilium
1429 283 1544 336 quod
1566 294 1653 322 tam
1675 285 1835 338 cupide

569 346 854 402 promiserit,
896 359 994 388 cum
1022 346 1210 399 Scythae
1249 347 1325 387 suis
1364 348 1492 388 armis
1522 357 1647 400 atque
1675 348 1837 389 viribus

568 411 713 453 hostes
732 410 987 465 propulsare
1009 410 1281 453 adsueuerint
1302 438 1312 460 ,
1357 423 1492 464 neque
1513 412 1564 450 de
1592 411 1837 464 adoptione

570 475 779 530 cogitass‘e
799 475 896 518 filio
915 473 1143 516 incolumi.
1210 474 1460 529 Philippum
1483 474 1710 516 bellicosae
1728 488 1834 530 gen-

568 542 603 582 ti
622 542 843 596 imperare
865 539 1308 590 Macedonibuszse,s1
1332 539 1508 590 nesciat,
1533 538 1746 592 populum
1767 552 1836 580 re-

569 617 705 659 gere,
746 606 816 658 qui
854 606 988 645 etiam
1026 614 1183 644 contra
1220 603 1380 644 famem
1420 612 1462 643 et
1502 602 1616 643 sitim
1652 614 1834 657 pugnet,

573 668 770 722 Scythas.
838 670 898 710 At
921 668 1141 721 Philippus
1161 667 1268 708 alios
1287 667 1460 720 legatos
1479 666 1592 710 misit
1617 694 1627 716 ,
1652 668 1838 722 quicum

572 733 720 776 Athea
742 733 793 772 de
815 731 981 773 auxiliis
995 731 1294 772 Macedonicis
1324 742 1366 772 et
1387 730 1566 771 foedere
1591 731 1837 786 expostula-

572 806 671 838 rent
693 805 735 835 et
757 797 809 836 ad
828 796 988 837 bellum
1010 795 1168 836 sociale
1190 796 1353 837 summa
1372 796 1414 837 vi
1441 796 1682 848 gerendum
1708 807 1839 850 pecu·

573 861 659 902 nias
681 860 927 913 poscerent·
995 859 1164 902 Atheus
1181 860 1243 900 his
1262 860 1474 911 ostendit,
1515 859 1687 913 Scythis
1708 858 1845 901 nullas

573 938 682 979 opes
703 924 802 974 effe,
826 925 974 978 quibus
996 923 1291 965 Macedonum
1312 925 1602 977 cupiditatem
1618 924 1849 977 expleant:

572 989 696 1030 suase
718 989 883 1029 virtute
903 999 948 1028 et
965 999 1209 1038 corporum
1234 988 1389 1027 durato
1409 989 1574 1027 robore
1590 1014 1602 1036 ‚
1644 988 1766 1028 nullis
1780 987 1844 1029 di·

574 1052 694 1093 vitiis
714 1050 911 1104 gloriari.
979 1051 1076 1091 Hoc
1100 1048 1308 1101 responso
1325 1058 1511 1101 accepto
1528 1049 1750 1101 Philippus
1766 1049 1844 1088 ob·

573 1114 788 1157 fidionem
806 1114 1008 1166 Byzantii
1025 1113 1153 1154 soluit
1173 1121 1216 1151 et
1243 1110 1466 1151 aduersum
1494 1110 1677 1162 Scythas
1699 1112 1842 1158 duxit,

576 1178 702 1221 miffis
724 1178 857 1218 astute
879 1177 1032 1229 legatis
1053 1202 1066 1225 ,
1106 1176 1175 1229 qui
1198 1175 1248 1214 ad
1270 1174 1464 1215 Atheam
1498 1174 1704 1212 mandata
1740 1184 1847 1224 per·

575 1242 742 1283 ferrent
766 1269 775 1291 ,
816 1240 1111 1281 Macedonem
1134 1237 1376 1290 occupandi
1393 1236 1599 1287 Byzantii
1617 1234 1751 1275 caussa
1765 1235 1844 1275 sta-

578 1316 700 1347 tuam
722 1304 887 1345 vouiffe
906 1301 1115 1352 Herculi,
1157 1313 1252 1342 eam
1272 1301 1311 1341 se
1332 1300 1430 1354 ipsis
1451 1300 1493 1339 in
1517 1299 1631 1341 ostiis
1647 1299 1742 1342 Istri
1770 1300 1845 1339 de-

579 1369 772 1410 dicatum
798 1368 953 1408 venire
974 1393 986 1416 ,
1028 1375 1176 1407 cetera
1213 1374 1414 1417 pacatum
1448 1362 1545 1404 fore
1577 1363 1663 1404 iter
1692 1372 1736 1404 et
1758 1362 1847 1403 fine

577 1432 779 1475 molestia
802 1430 1079 1484 Scytharum.
1149 1429 1315 1471 Atheas
1332 1429 1402 1482 qui
1420 1427 1571 1469 dolum
1591 1426 1731 1477 sensit,
1762 1440 1848 1481 po·

575 1497 743 1540 stulauit
766 1523 777 1547 ‚
816 1506 866 1542 ,vt
886 1495 937 1535 ad
956 1494 995 1534 se
1014 1494 1146 1534 statua
1168 1493 1423 1534 mitteretur
1441 1518 1454 1542 ‚
1494 1491 1534 1533 se
1556 1502 1598 1531 et
1622 1492 1847 1533 dedicatu-

576 1574 673 1604 rum
696 1571 739 1601 et
766 1558 1037 1614 prouisurum
1062 1568 1114 1596 ne
1132 1555 1326 1597 violetur
1350 1572 1359 1596 ι
1398 1555 1639 1596 exercitum
1667 1555 1709 1596 in
1737 1554 1848 1597 fines

575 1626 674 1668 suos
694 1627 859 1665 intrare
881 1634 971 1663 non
994 1620 1228 1674 passurum:
1254 1618 1313 1660 fin
1335 1620 1477 1659 inuito
1498 1619 1537 1659 se
1558 1619 1736 1660 statuam
1760 1632 1845 1672 po·

582 1701 655 1731 nat
677 1716 689 1739 ‚
728 1689 767 1729 se
789 1685 947 1728 sublata
969 1696 1018 1725 ea
1038 1697 1106 1724 aes
1125 1682 1346 1725 versurum
1369 1684 1411 1722 in
1434 1683 1687 1736 sagittarum
1708 1683 1845 1738 cuspi-

581 1755 669 1795 des.
741 1752 809 1793 Sic
829 1749 1061 1791 concitatis
1080 1749 1266 1788 inuicem
1289 1747 1464 1798 animis,
1504 1746 1774 1788 Macedones
1793 1747 1847 1792 ad

581 1818 735 1861 Istrum
760 1814 965 1869 profecti,
1002 1811 1213 1866 praelium
1241 1810 1568 1852 commiserunt.
1655 1810 1847 1864 Scythae

583 1884 626 1923 in
649 1881 738 1920 acie
761 1890 803 1920 et
824 1890 1009 1920 numero
1041 1886 1084 1917 et
1102 1877 1267 1917 virtute
1294 1875 1566 1927 superiores,
1605 1875 1846 1924 (confiten-

586 1956 651 1985 te5
671 1944 876 1983 habemus
897 1940 1093 1985 Graecos
1115 1967 1127 1990 ,
1166 1939 1385 1993 gloriosos
1403 1938 1623 1990 homines)
1652 1938 1844 1980 astuPhi-

586 2008 699 2061 lippi
720 2007 762 2046 in
783 2006 923 2061 fugam
946 2005 1250 2046 coniiciuntur.
1306 2003 1451 2043 Vicies
1475 2002 1595 2043 mille
1617 2002 1845 2056 puerifoe-

585 2072 813 2123 minaeque
837 2071 951 2122 capti
976 2097 985 2119 ‚
1026 2069 1198 2122 pecoris
1224 2067 1286 2107 vis
1312 2079 1497 2118 magna,
1540 2067 1629 2107 auri
1652 2066 1846 2121 argenti-

587 2148 666 2192 que
686 2134 805 2176 nihil.
875 2135 1047 2188 Viginti
1075 2143 1277 2188 equarum
1305 2131 1355 2171 ad
1374 2133 1745 2185 propagationem
1770 2142 1845 2182 ge-

1728 2202 1848 2241 nens
