2013 2719
473 201 535 248 30
657 186 744 237 DE
780 185 1233 237 ARITHMETICA
1270 183 1598 236 FIGVRATA
1659 258 1663 259 ἦ

467 310 548 352 que
568 298 754 348 seriesE‚
780 299 811 339 F
831 307 874 338 et
895 306 1171 351 quotcunque
1194 296 1315 336 aliae.
1384 296 1468 337 Has
1485 297 1612 338 series
1626 295 1719 337 col-

467 363 597 404 etiuas
627 363 813 402 nomino
856 377 869 413 ·,
907 373 1114 401 numeros
1142 361 1185 399 in
1214 359 1319 399 serie
1356 361 1395 400 A
1424 361 1493 412 qui
1530 361 1723 402 indicant

467 427 736 479 quotitatem
756 425 935 465 cuiusuis
966 425 1179 473 termini,
1209 423 1374 464 radices
1394 435 1538 475 voco·,
1574 437 1724 465 nume-

470 502 544 530 ros
568 490 743 530 tandem
771 490 841 542 qui
868 489 1060 529 indicant
1087 488 1212 541 quoti
1241 487 1405 527 ordinis
1435 487 1483 527 sit
1504 487 1639 540 aliqua
1656 488 1716 529 se·

465 554 574 602 ries,
598 553 759 593 indices
790 553 934 592 dicere
956 551 1098 593 liceat.
1166 552 1435 607 Exemplum
1464 552 1528 592 rei
1547 551 1721 606 sequen·

470 626 536 658 tes
556 617 684 658 series
707 614 930 657 exhibent.

264 760 451 809 Radices

335 863 676 1098 l

435 1119 463 1180 L

781 761 1718 812 12345678

779 881 802 918 3
878 882 901 918 3
977 881 1000 918 3
1112 881 1134 917 3
1245 880 1268 916 3
1375 881 1398 918 3
1537 883 1559 919 3
1699 882 1722 919 3

780 943 800 981 5
879 935 900 971 8
949 945 1000 970 11
1082 944 1141 981 14
1215 943 1271 979 17
1349 944 1407 972 20
1489 945 1545 982 23
1665 936 1726 972 26

777 1006 798 1044 5
845 1009 900 1046 13
948 1009 1009 1047 24
1079 998 1137 1046 38
1213 1006 1268 1044 55
1352 1006 1410 1045 75
1485 999 1544 1046 98
1630 1010 1721 1048 124

773 1063 803 1098 6
848 1073 904 1110 19
943 1074 1002 1110 43
1081 1062 1133 1097 81
1182 1063 1276 1109 136
1320 1072 1407 1099 211
1457 1073 1552 1110 309
1622 1075 1717 1112 433

335 935 379 1107 Indices

536 867 580 1163 *siffvnw
533 762 595 802 ζί>

492 881 510 906 1

489 1010 510 1046 3

487 1075 517 1110 4

486 1135 508 1174 5

589 1267 634 1303 4,
700 1252 769 1293 Ex
807 1251 903 1291 data
941 1249 1202 1292 definitione
1244 1250 1505 1304 intelligitur
1549 1262 1719 1304 quoque

472 1315 703 1367 quomodo
740 1316 866 1355 series
903 1326 1026 1354 retro
1064 1317 1315 1354 continuari
1346 1314 1517 1363 poffint.
1585 1315 1729 1351 Prima

472 1379 588 1415 enim
611 1378 736 1415 series
755 1378 910 1428 vbique
933 1376 1114 1415 eosdem
1133 1385 1176 1415 et
1201 1374 1326 1414 datos
1347 1373 1474 1413 habet
1493 1374 1730 1425 terminos,

472 1440 654 1480 secunda
666 1450 811 1479 autem
822 1440 1092 1489 retroagitur
1111 1436 1399 1475 subtrahendo
1418 1436 1586 1486 primae
1604 1437 1729 1477 seriei

473 1504 712 1544 terminum
733 1500 1041 1553 superstantem
1062 1497 1298 1551 quemlibet
1320 1510 1341 1536 a
1365 1497 1436 1536 suo
1456 1497 1663 1537 substante
1684 1500 1727 1538 in

474 1566 655 1606 secunda
684 1564 791 1604 serie
822 1577 834 1612 ·‚
871 1563 941 1615 qui
970 1561 1087 1601 enim
1116 1560 1242 1600 restat
1273 1572 1476 1600 numerus
1497 1560 1552 1599 est
1572 1563 1726 1601 termi-

476 1640 551 1669 nus
585 1628 656 1668 ille
699 1628 769 1680 qui
803 1626 1059 1666 substantem
1098 1624 1338 1678 praecedit.
1374 1623 1548 1664 Eodem
1585 1625 1726 1665 modo

475 1693 756 1733 continuatur
777 1691 907 1730 tertia
928 1690 1054 1730 series
1077 1700 1311 1740 retr070pe
1339 1687 1544 1727 secundae
1573 1687 1696 1727 seriei
1717 1704 1730 1740 3

476 1766 625 1811 quarta
664 1768 751 1808 ope
780 1755 940 1794 tertiae
978 1781 989 1803 ,
1031 1763 1073 1793 et
1103 1753 1155 1793 fic
1187 1764 1341 1805 porro.
1436 1752 1645 1794 Ceterum
1686 1753 1729 1792 id

476 1832 647 1874 quoque
674 1817 944 1859 manifestum
973 1816 1029 1857 est
1060 1844 1070 1867 ‚
1111 1816 1228 1871 quod
1249 1816 1454 1856 serierum
1483 1817 1730 1857 retroacta-

478 1898 573 1925 rum
593 1884 755 1923 radices
781 1883 1007 1935 negatiuae
1027 1881 1224 1922 euadant.
1289 1879 1617 1932 Terminos‚qui
1639 1881 1726 1932 pri-

479 1960 577 1989 mos
598 1947 810 2000 quoslibet
834 1946 1089 1986 immediate
1109 1941 1662 1998 praecedunt,differentias
1678 1957 1728 1984 o-

480 2011 683 2064 riginales
717 2012 903 2051 nomino
936 2038 946 2061 ,
987 2022 1166 2064 quarum
1204 2008 1521 2061 consequenter
1567 2008 1730 2049 radices

480 2075 572 2116 sunt
595 2074 732 2116 nihilo
755 2074 960 2130 aequales.
1031 2075 1150 2131 Quae
1169 2073 1283 2124 dixi,
1305 2071 1516 2126 exemplo
1537 2071 1730 2125 sequenti

482 2140 672 2181 declaro.

1797 945 1924 984 29..

1763 1009 1924 1048 153..

1762 1063 1924 1111 586..

742 1136 796 1174 13
843 1137 901 1175 32
942 1134 998 1174 75
1049 1126 1143 1175 156
1186 1135 1276 1175 292
1320 1134 1411 1175 503
1462 1127 1553 1163 812
1600 1136 1723 1175 1245

1801 2260 1931 2305 Radi-
