2013 2719
571 203 666 252 284
785 194 1315 257 DISQVJSITIONES
1347 193 1655 241 PHYSICAE

562 303 768 344 secundae
794 313 835 343 et
860 303 1017 344 tertiae
1035 303 1255 344 Editionis
1275 304 1595 356 Principiorum
1608 305 1659 346 de
1677 305 1827 359 spiritu

564 368 754 421 quodam
774 366 1039 408 subtilissimo
1059 367 1218 407 adiecit
1246 394 1256 417 ‚
1296 368 1476 420 liquebit
1504 378 1673 409 tantum
1692 370 1827 411 abeffe

564 443 611 471 vt
640 432 884 472 Newtonus
911 431 1222 472 attractionem
1248 445 1332 484 pro
1358 431 1565 485 qualitate
1587 443 1827 486 corporum

562 496 767 547 primaria
794 494 990 535 habuerit
1015 522 1025 544 ,
1062 505 1110 535 vt
1140 496 1227 548 ipse
1256 496 1344 537 eius
1372 495 1643 538 attractionis
1663 497 1826 538 causam

565 560 662 600 data
683 571 819 613 opera
839 559 1173 612 inuestigauerit,

713 657 829 697 Haec
857 667 1003 698 autem
1029 657 1149 698 fusius
1169 657 1383 699 adnotare
1402 656 1524 699 volui
1544 670 1633 699 non
1652 668 1742 699 tam
1762 656 1828 700 cl,

559 718 819 772 Biilffingeri
841 722 957 760 causa
986 748 997 770 ‚
1037 722 1105 774 qui
1125 721 1191 761 sua
1211 722 1367 774 sponte
1389 733 1597 775 remapte
1621 733 1664 763 et
1684 722 1828 762 candi-

562 783 616 822 de
643 784 992 836 interpretatur‚
1033 784 1103 825 scd
1129 784 1316 826 aliorum
1342 787 1613 838 quorundam
1637 814 1647 836 ‚
1685 785 1831 839 quibus

564 847 615 886 ad
636 849 907 889 attractionis
927 850 1204 889 mentionem
1225 849 1452 890 confestim
1477 849 1570 890 bilis
1598 859 1803 891 mouetur
1819 876 1832 900 ‚

563 910 716 963 quique
737 924 831 951 eam
850 924 1009 952 vocem
1030 925 1133 952 cane
1155 914 1272 964 peius
1286 924 1328 954 et
1343 926 1478 966 angue
1491 915 1700 966 deuitant,
1719 913 1831 954 adeo

563 984 610 1013 vt
632 975 851 1014 actionem
879 986 1072 1014 mutuam
1102 977 1218 1015 inter
1245 978 1410 1016 vitrum
1434 987 1477 1017 et
1507 991 1689 1031 aquam,
1731 976 1760 1017 si
1780 977 1832 1017 de

567 1048 615 1075 ea
635 1036 751 1076 forte
771 1036 1038 1089 loquendum
1061 1036 1131 1087 sit,
1170 1039 1389 1078 amicitiae
1409 1041 1554 1090 potins
1576 1066 1587 1087 ‚
1629 1050 1699 1078 aut
1723 1052 1830 1078 con-

565 1099 861 1152 sanguinitatis
886 1129 896 1150 ,
930 1100 1002 1140 vel
1029 1102 1163 1140 etiam
1196 1101 1445 1153 nuptiarum
1467 1126 1478 1149 ,
1520 1099 1548 1139 fi
1570 1100 1648 1139 diis
1666 1101 1828 1152 placet,

564 1175 693 1215 quam
732 1165 1001 1204 attractionis
1048 1164 1229 1203 nomine
1273 1162 1537 1215 appellaturi
1586 1162 1831 1201 videantur.

567 1228 766 1282 Quorum
807 1227 1121 1265 contentiones
1151 1236 1193 1264 et
1228 1225 1444 1264 clamores
1471 1232 1642 1263 tantum
1672 1232 1832 1274 potue-

568 1298 668 1328 runt
682 1315 691 1336 ⁷
706 1299 753 1327 vt
774 1287 881 1328 faeta
901 1288 947 1328 fit
967 1287 1075 1341 quasi
1089 1288 1299 1339 quaedam
1315 1285 1725 1328 Schibbolethinter
1737 1284 1834 1340 phi-

566 1350 851 1405 losophantes
864 1351 936 1392 ista
949 1364 1056 1402 vox,
1074 1348 1303 1393 Attrac‘lio.

689 1478 935 1521 Secundum
956 1477 1201 1532 scrupulum
1223 1471 1254 1506 *ί
1275 1485 1431 1518 mouet
1452 1476 1533 1517 Vir
1545 1476 1611 1519 Cl.
1626 1489 1682 1518 ex
1701 1476 1835 1517 Phae-

1676 1553 1833 1581 nome-

652 1687 670 1704 *
704 1685 801 1715 Rene
818 1685 980 1723 scrupulum
996 1686 1129 1723 appeilzt
1146 1685 1200 1714 Vir
1218 1685 1353 1714 Eximius
1375 1685 1401 1712 id
1417 1706 1425 1719 7
1452 1685 1588 1723 quicquid
1609 1685 1667 1714 fuit
1681 1707 1689 1723 ,
1721 1686 1839 1714 dubita-

572 1728 664 1756 tionis
681 1737 770 1756 meae.
837 1728 944 1765 Neque
967 1730 1042 1756 enim
1064 1737 1102 1755 eo
1126 1735 1260 1763 tempore
1273 1746 1281 1761 7
1305 1736 1363 1763 quo
1378 1725 1539 1754 dissertatio
1558 1736 1620 1754 nica
1639 1730 1716 1765 typis
1734 1726 1839 1756 excusa

573 1771 613 1797 est
629 1770 656 1796 in
675 1778 711 1796 eo
730 1776 906 1805 argumento
921 1768 1030 1805 aliquid
1046 1767 1170 1797 confisus
1184 1767 1252 1796 sum.
1317 1767 1375 1797 Sed
1398 1777 1455 1796 non
1476 1769 1561 1796 licuit
1583 1770 1651 1796 mihi
1674 1770 1701 1797 id
1718 1768 1838 1797 filontio

573 1812 745 1848 praeterire.
799 1809 876 1845 Qid
892 1811 983 1846 igitur
999 1810 1126 1838 facerem
1148 1808 1161 1840 ‘Z
1184 1809 1288 1837 lnflexi
1311 1817 1371 1836 rem
1393 1817 1506 1837 omnem
1535 1830 1544 1846 7
1578 1817 1614 1838 vt
1641 1809 1838 1847 transpareret

570 1851 678 1887 scopus
694 1860 771 1879 meus
786 1871 794 1886 a
814 1860 868 1880 nec
889 1859 984 1879 tamen
1003 1852 1167 1886 argumenti
1182 1852 1422 1878 commemoratio
1437 1848 1569 1880 officeret
1585 1850 1676 1879 famae
1689 1852 1753 1881 Viri
1764 1851 1838 1880 Cla-

573 1891 678 1922 xiffimi.
721 1894 812 1922 Dixi:
840 1895 880 1921 ita
897 1892 987 1921 visum
1003 1891 1102 1928 fuisse,
1125 1901 1187 1920 <um
1206 1893 1296 1928 prima
1312 1893 1375 1919 vice
1393 1891 1463 1920 haec
1480 1891 1678 1929 expenderem
1692 1913 1701 1927 7
1733 1901 1765 1920 ct
1780 1892 1840 1920 fal-

574 1934 606 1962 so
625 1936 759 1962 mercurii
776 1943 875 1971 parurn
891 1936 955 1970 puri
974 1934 1176 1972 phaenomeno
1192 1932 1357 1962 deludcrcr.
1384 1933 1459 1962 Vide
1476 1954 1485 1969 7
1511 1933 1657 1970 siplacet,
1685 1934 1774 1963 Tom.
1800 1934 1840 1963 11.

574 1974 734 2005 comment
760 1984 787 2011 p.
806 1978 873 2010 232.
889 1975 938 2003 lin.
957 1982 981 2014 3.
997 1974 1066 2013 seqq
1118 1975 1179 2003 Vbi
1196 1975 1328 2010 repetito
1345 1976 1502 2002 tentamine
1520 1975 1605 2003 aliter
1628 1976 1662 2004 de
1692 1975 1839 2003 mercurio

573 2026 634 2045 non
651 2017 818 2045 adulterato
835 2017 980 2051 constitit,
1005 2025 1107 2044 verum
1124 2017 1185 2044 eius
1211 2015 1434 2052 phaenomenon
1455 2016 1541 2052 plane
1566 2018 1724 2045 conuenire
1742 2017 1841 2053 hypo-

576 2056 649 2085 thefi
668 2059 830 2085 Iurimanae
851 2058 963 2095 liquido
981 2057 1195 2095 pronunciauil
1215 2066 1239 2085 c.
1260 2056 1311 2085 lin.
1331 2063 1353 2085 1.
1370 2066 1384 2084 a
1399 2058 1466 2086 fine.
1496 2057 1619 2086 Addidi:
1643 2067 1694 2085 nec
1706 2058 1840 2094 phaeno-

575 2107 682 2126 menon
698 2107 787 2136 aquae
805 2100 921 2136 penitus
938 2098 1100 2134 aduersari,
1124 2097 1144 2126 fi
1163 2097 1215 2126 huc
1232 2097 1391 2126 transferas
1406 2119 1414 2135 ,
1438 2099 1517 2135 quod
1535 2098 1590 2126 alia
1608 2098 1699 2127 occasi
1725 2107 1759 2127 ne
1785 2098 1839 2126 Vir

574 2139 749 2176 Ingeniosus
765 2141 911 2168 monuerit
928 2161 936 2176 ,
962 2150 1025 2168 cum
1041 2140 1076 2168 dc
1095 2146 1179 2175 gutta
1192 2141 1324 2166 mercurii
1340 2142 1414 2168 inter
1431 2139 1500 2168 duas
1523 2141 1594 2168 vitri
1610 2140 1699 2175 (male
1714 2141 1839 2176 impres-

575 2179 636 2210 sum
652 2181 705 2217 cst,
729 2181 836 2222 aquae>
850 2180 1019 2219 superficies
1037 2179 1365 2220 constituta2differe1ct.
1407 2182 1452 2213 Et
1471 2190 1507 2212 ne
1529 2179 1653 2213 dcess'em
1676 2182 1751 2213 Viro
1766 2180 1840 2208 Me-

786 2239 790 2242 .
1758 2229 1841 2254 ntu-
