2013 2719
550 185 613 225 92
913 173 1105 221 OBSER
1114 168 1442 226 VATJONES

550 276 800 330 strauim1153
839 282 1044 333 praefero
1068 293 1213 324 antem
1235 285 1345 327 hanc
1375 290 1616 336 summandi
1642 297 1819 341 metho-

550 341 652 383 dum
675 342 767 382 nliis
790 343 845 383 ob
867 346 1243 389 vniuerfflitatem
1266 353 1367 392 eius.

672 420 688 444 1
706 421 744 445 1.
812 408 1028 450 Hactenus
1052 411 1161 454 dicta
1181 413 1389 470 pleraque
1404 418 1489 460 iam
1511 423 1702 467 antelios
1715 440 1815 481 qua-

548 478 653 508 tuor
675 482 810 509 annos
832 473 941 513 mihi
962 475 1277 530 innotuerunt,
1320 492 1363 521 et
1383 493 1511 524 antea
1531 499 1698 542 quoque
1719 491 1814 545 plu·-

546 533 676 572 rimas
687 536 991 587 proprietates
1011 540 1294 595 detexeram,
1333 547 1478 599 quibus
1497 549 1624 592 series
1645 556 1815 596 nostrae

545 596 676 649 plane
705 599 924 642 abundant
957 631 969 653 ‚
1020 618 1202 660 quasque
1224 608 1292 649 hic
1315 622 1591 664 exponerem
1615 643 1627 666 ,
1678 619 1750 659 nisi
1772 621 1816 662 in

544 661 821 714 generalibus
841 660 1058 708 subsistere
1072 672 1396 714 constituiflem.
1467 677 1551 718 Sed
1569 692 1704 720 vnum
1726 695 1816 726 non

549 727 909 779 praetergrediar
932 757 943 780 ,
967 733 1084 784 quod
1107 747 1217 774 nunc
1239 737 1414 779 demum
1443 741 1550 781 mihi
1570 742 1647 784 fuit
1669 746 1813 787 obser-

544 790 844 843 vatum‚poffe
860 805 946 846 ope
961 796 1168 838 seriei-um
1183 801 1424 843 nostrarum
1436 806 1597 848 radices
1612 811 1812 851 omnium

551 855 865 906 aequati011um
881 857 1237 912 algebraicarum‚
1256 866 1537 922 cuiuscunque
1549 870 1629 912 sint
1643 873 1813 914 dimen-

547 916 703 968 sionis,
731 921 964 973 expedita,
996 934 1090 964 tuta
1104 935 1146 965 et
1159 925 1719 987 faciliappropinquatione
1738 939 1811 979 ha-

545 981 735 1021 berisine
748 983 832 1022 vlla
846 988 1019 1036 praeuia
1034 989 1283 1031 tentatione
1296 1006 1393 1045 quas
1407 995 1594 1049 reliquae
1609 1002 1815 1044 methodi

546 1044 764 1097 postulare
782 1045 935 1088 solent.
1003 1052 1073 1092 Est
1096 1052 1202 1092 mihi
1221 1055 1456 1097 methodus
1477 1060 1661 1113 duplex,
1704 1064 1811 1105 alte-

545 1121 594 1149 ra
614 1122 698 1161 pro
723 1110 903 1151 minima
926 1141 936 1163 ,
979 1114 1114 1155 altera
1136 1130 1219 1169 pro
1242 1122 1431 1162 maxima
1452 1127 1719 1177 aequ-ationis
1743 1142 1810 1168 ra-

549 1172 645 1212 dice
669 1173 931 1216 inuenienda
960 1205 973 1228 ‚
1016 1183 1265 1222 attentione
1296 1198 1386 1225 non
1407 1185 1512 1228 faeta
1530 1189 1581 1228 ad
1602 1190 1716 1241 signa
1742 1205 1809 1231 ra-

549 1234 710 1276 dicibus
730 1239 925 1290 praefixa
945 1269 956 1291 ,
999 1243 1058 1286 ita
1079 1255 1126 1284 vt
1147 1245 1199 1285 fic
1220 1248 1343 1289 radix
1369 1260 1459 1290 tam
1480 1265 1585 1304 quae
1618 1254 1813 1294 maximo

547 1312 677 1351 qnam
697 1314 803 1354 quae
823 1305 1006 1343 minime
1029 1319 1051 1344 a
1074 1308 1214 1346 nihilo
1237 1311 1383 1359 distat,
1399 1313 1685 1353 determinari
1708 1329 1813 1368 pos-

546 1362 608 1403 sit.

673 1440 691 1466 1
707 1440 746 1467 2.
817 1423 1043 1470 Ascthodus
1064 1435 1396 1475 nonainueniendi
1415 1437 1574 1479 radices
1594 1452 1723 1481 omnes
1741 1454 1811 1483 cu·

547 1491 766 1545 irc-:cunque
776 1493 1028 1546 aequationls
1048 1492 1211 1546 ςιῃέἑῖαε
1229 1503 1312 1535 tam
1323 1504 1551 1541 numericae
1567 1517 1686 1556 quam
1703 1505 1810 1559 alge-

549 1553 729 1593 hir-aicae.

550 1611 1105 1671 concilietur'aequationi
1137 1621 1393 1675 propositae
1423 1623 1528 1666 haec
1550 1626 1692 1669 forma

681 1681 1364 1734 1:a,r—-†-bxx—†-c·.v3—{-ex4-†-
1402 1689 1481 1729 &c.

549 1742 670 1785 Dein
693 1743 912 1784 formetur
930 1746 1056 1788 series
1078 1750 1331 1802 incipiendo
1353 1762 1457 1792 atot
1480 1757 1677 1797 terminis
1697 1756 1807 1797 arbi-

552 1809 713 1858 trariis,
754 1818 861 1861 quot
886 1810 1176 1852 dimensiones
1198 1817 1397 1868 aequatio
1420 1816 1547 1859 habet
1571 1846 1582 1869 ,
1607 1833 1654 1860 ea
1676 1821 1771 1873 lege
1792 1848 1805 1871 ‚

550 1882 599 1911 vt
619 1871 645 1910 si
666 1874 723 1922 A,
762 1873 828 1922 B‚·
858 1873 910 1923 C,
950 1874 1010 1924 D,
1050 1877 1086 1917 E
1105 1877 1182 1917 &c.
1205 1878 1422 1921 denotent
1441 1885 1656 1925 terminos
1679 1886 1717 1925 se
1740 1887 1805 1925 in·-

550 1936 697 1974 vicem
718 1936 884 1978 direasto
906 1940 1061 1979 ordine
1082 1941 1393 1996 consequentes
1417 1973 1429 1995 ‚
1468 1947 1517 1987 fit
1538 1948 1691 2002 vbique
1715 1949 1808 1989 E:

551 1998 1062 2049 aD÷hC÷cB÷eA
1074 2007 1218 2051 —4—&0
1244 2007 1406 2062 fintque
1424 2010 1467 2050 in
1488 2011 1563 2052 hac
1586 2013 1691 2053 serie
1712 2012 1808 2052 satis

555 2063 807 2103 continuata
828 2065 913 2105 duo
936 2069 1115 2108 termini
1133 2072 1329 2122 proximi
1350 2074 1397 2114 M
1418 2085 1460 2114 et
1478 2076 1521 2116 N
1551 2103 1563 2126 ,
1605 2077 1684 2115 erit
1715 2085 1805 2115 ter-

556 2128 692 2166 minus
729 2131 990 2171 antecedens
1028 2132 1075 2173 M
1113 2134 1260 2174 diuisus
1299 2149 1375 2188 per
1395 2138 1735 2193 consequentem
1762 2139 1807 2181 N

555 2193 764 2244 proxime
784 2194 966 2249 aequalis
983 2197 1118 2243 radici
1135 2199 1357 2256 quaefitae.

1727 2280 1805 2322 13.
