2013 2719
612 163 1001 214 σΑεΑΝΕΝεΕ.
1383 169 1477 226 183

187 280 350 325 milium
367 277 617 331 inusitatae,
659 279 852 332 partium
881 277 1096 320 nobilium
1132 273 1352 329 defestus,
1395 290 1482 332 po-

188 349 297 389 tiori
317 348 407 388 iure
427 346 636 400 capitales
654 343 740 385 dici
778 356 1009 386 merentur
1055 370 1067 395 ‚
1110 344 1163 384 de
1180 343 1330 399 quibus
1353 356 1482 396 mox,

190 414 420 467 postquam
457 411 582 465 super
606 410 829 463 liquorem
858 409 1096 462 pericardii
1133 408 1482 450 animaduersio-

189 491 293 519 nem
314 476 425 516 haud
444 476 646 517 inutilem
665 473 930 526 exposuero.

311 541 453 594 Saepe
473 541 516 580 in
535 538 740 582 examine
762 537 963 579 foetuum
974 549 1071 578 rem
1085 537 1308 578 obseruaui
1327 548 1480 580 atten-

189 608 316 648 tione
337 604 648 659 dignissimam,
663 616 770 658 quae
790 604 842 644 ad
861 602 1227 658 componendam
1250 604 1482 657 antiquam

190 671 320 713 litem
341 670 393 711 de
417 671 589 723 origine
609 680 741 723 aquae
761 669 996 723 pericardii
1015 669 1178 722 vsuque
1199 668 1370 721 thymi,
1413 669 1479 708 in-

191 737 352 779 seruire
372 735 543 789 potest,
585 735 795 775 nimirum
816 746 969 788 aquam
1000 733 1235 788 pericardii
1263 733 1481 774 abundare

192 800 332 854 magis
370 800 534 841 eodem
553 808 765 852 tempore
789 811 875 852 quo
914 798 1092 851 thymus
1122 799 1375 852 pei-icardio
1412 799 1479 838 in-

194 865 403 909 cumbens
441 862 566 905 mole
587 862 656 902 sua
677 863 882 904 luxuriat.
956 862 1041 905 Sed
1064 863 1115 903 de
1136 863 1215 903 hac
1234 875 1281 904 re
1305 862 1426 903 alias.

310 930 458 971 Primo
485 927 697 968 viscerum
726 928 886 969 intuitu
923 927 1124 980 procliue
1166 927 1224 967 est
1255 954 1267 977 ‚
1317 939 1478 970 eorum

192 994 408 1036 inuersum
428 992 621 1047 positum
639 991 872 1046 sedemque
893 1001 1110 1033 mutatam
1132 991 1391 1045 agnoscere,
1406 1002 1477 1032 vta

187 1069 301 1113 pote
333 1058 386 1099 ad
412 1070 617 1098 normam
647 1057 1008 1112 positionemque
1038 1056 1169 1097 sterni
1197 1065 1378 1111 praeter
1400 1069 1475 1096 na-

186 1124 407 1173 turalem,
439 1123 492 1163 de
520 1134 601 1177 qua
632 1122 782 1177 supra,
815 1122 1159 1164 accommodata
1183 1121 1477 1176 lateribusque

191 1187 386 1227 thoracis
407 1185 628 1239 parallela:
699 1187 1001 1247 Quamobrem
1022 1187 1248 1228 ambarum
1269 1186 1477 1227 sororum

192 1249 355 1290 viscera
374 1249 429 1289 fic
451 1250 579 1290 diuisa
599 1251 693 1292 sunt
717 1279 729 1301 ‚
767 1262 815 1293 vt
839 1261 992 1292 neutra
1008 1251 1216 1292 sororum
1238 1264 1288 1291 ea
1309 1252 1476 1305 inpro-

196 1312 298 1364 prio
320 1314 504 1365 pec'tore
527 1313 752 1354 collectim
773 1324 896 1365 gerat
945 1340 957 1363 ,
997 1327 1153 1354 verum
1173 1315 1354 1354 dimidia
1375 1329 1477 1368 pars

198 1375 673 1426 eorum‚incauitatem
693 1376 869 1417 alterius
889 1388 966 1416 ceu
985 1376 1173 1417 alienum
1195 1377 1476 1420 domicilium

195 1441 409 1492 recipitur
453 1450 496 1480 et
532 1440 763 1479 viceuersa.
843 1441 1058 1482 Ceterum
1085 1468 1096 1490 7
1128 1441 1177 1480 ad
1199 1441 1478 1495 collisionem

196 1503 446 1543 euitandam
462 1531 472 1551 ,
486 1504 655 1555 septum
670 1502 1069 1554 membranaceum,
1089 1504 1476 1557 pellucidum7am-

194 1567 321 1608 babus
340 1567 467 1620 spinis
488 1566 679 1607 firmiter
699 1565 879 1609 affixum
901 1567 957 1609 est
973 1596 986 1621 ‚
1023 1581 1111 1622 quo
1133 1569 1302 1622 gemini
1319 1570 1475 1612 thora-

196 1633 255 1672 cis
270 1632 485 1684 separatio
509 1630 785 1673 efformatur.

316 1697 383 1737 Ex
402 1696 563 1737 duobus
591 1696 795 1738 cordibus
818 1722 829 1746 ‚
870 1707 978 1751 quae
998 1696 1069 1738 hic
1096 1697 1330 1752 conspicua
1357 1699 1470 1751 sunt,

200 1772 334 1802 vnum
355 1763 489 1814 (quod
506 1762 699 1816 respetftu
720 1761 1051 1804 fiicieianticum
1065 1763 1286 1817 appello‚)
1305 1765 1471 1805 canita-

200 1834 294 1865 tum
315 1827 483 1879 quidem
504 1837 546 1868 et
567 1826 856 1869 auricularum
869 1840 1057 1868 numero
1072 1841 1118 1869 ac
1139 1828 1470 1870 conformatio-

200 1901 255 1928 ne
284 1889 425 1931 debita
456 1921 467 1944 ,
504 1891 691 1935 alterum
729 1905 840 1934 vero
881 1892 1141 1946 oppositum
1175 1903 1220 1933 et
1254 1893 1472 1946 posticum

197 1955 322 1995 vnica
343 1955 547 1999 duntaxat
568 1958 756 2000 cauitate
776 1957 1025 2001 insti-netum
1051 1957 1109 2000 est
1138 1958 1470 2013 magnitudine-

195 2031 276 2073 que
294 2021 437 2074 priori
455 2024 583 2064 cedit.

313 2085 501 2129 Cuilibet
539 2087 718 2130 cauitati
755 2088 901 2130 cordis
939 2088 1074 2129 antici
1112 2088 1275 2130 arteria
1311 2100 1471 2142 magna

197 2149 396 2253 ⁷{ti-inque
424 2153 467 2193 in
490 2165 637 2197 arcum
670 2152 833 2198 inflexa
856 2166 903 2194 ac
942 2153 1063 2197 iuxta
1097 2154 1302 2212 geminae
1319 2154 1468 2209 spinae

243 2214 404 2256 om.III.
876 2217 948 2263 Bb
1367 2218 1467 2260 lou-
