2013 2719
490 172 839 223 PETROPOLI
842 172 976 221 TAN
982 174 1026 221 V
1025 172 1096 219 M.
1379 192 1395 221 1
1408 193 1435 233 9
1449 193 1466 221 ε
1512 251 1515 252 ⁷
1543 239 1547 240 ⁷

305 284 470 327 Trunci
486 284 591 325 bafis
610 285 782 340 eiusque
800 285 1004 327 struc‘tnra
1026 296 1117 326 non
1139 284 1280 326 minus
1307 286 1476 328 curiosa

190 360 234 392 et
255 350 520 391 admirabilis
533 349 603 391 est:
671 352 788 393 Nam
809 363 939 404 quum
963 351 1070 391 duae
1091 350 1238 404 spinae
1263 351 1469 401 dorsales,

187 417 254 458 vti
279 416 438 457 dic‘tum
459 414 540 465 est,
582 414 718 455 adsint
760 442 770 465 ‚
818 414 981 468 duplex
1000 415 1124 455 simul
1147 428 1195 456 os
1215 415 1380 456 sacrum
1400 418 1475 458 ad-

190 482 246 522 est
270 478 599 531 e;1>111ffulcieiis‚
617 492 722 533 quae
743 479 873 519 ambo
887 479 1009 520 simul
1025 492 1102 533 per
1120 480 1476 534 lymphisincon-

189 557 308 586 creta
331 556 373 585 et
394 557 596 585 connexa
618 543 724 585 sunt.
829 544 972 597 Igitur
991 544 1070 589 illo
1093 544 1254 596 latere,
1293 559 1379 599 quo
1401 548 1478 589 ista

123 594 130 599 “
189 610 422 651 concretio
442 607 549 651 facta
573 609 630 649 est
677 636 688 659 ,
750 608 837 649 offa
864 610 1145 650 innominata
1173 611 1347 662 penitus
1368 612 1476 653 defi-

189 676 332 726 ciunt,
374 675 503 728 inque
527 673 740 728 opposito
766 674 978 715 duntaxat
1007 674 1229 728 Vtriusque
1251 675 1345 716 offis
1371 677 1478 717 sacri

186 741 327 781 latere
349 751 540 780 externo
571 767 582 789 ‚
623 740 733 781 dicta
756 737 844 778 offa
871 739 1104 792 conspicua
1125 739 1219 779 sunt
1249 751 1256 777 z
1296 742 1367 782 Ex
1388 754 1475 795 quo

191 804 304 845 alind
342 815 592 857 nouumque
632 804 822 856 emergit
862 803 1228 856 phaenomenum
1261 831 1273 854 ‚
1313 805 1476 847 scilicet

190 870 309 923 quod
365 869 461 909 vice
517 868 696 908 duarum
751 895 761 918 ‚
833 881 918 907 x'na
983 868 1270 910 solummodo
1338 869 1478 923 peluis

190 934 325 975 datur.
397 933 630 983 Ceterum,
670 931 738 971 seu
772 930 961 971 absentia
993 934 1209 974 iacun-aue
1241 932 1391 975 ossium
1412 935 1476 976 in·

187 1000 525 1040 nominatorum
569 996 993 1051 extremitatumque
1023 996 1286 1038 inferiorum
1371 1012 1479 1052 quae

187 1065 359 1116 penitus
383 1062 591 1102 deficiunt
641 1090 651 1112 ,
692 1061 760 1102 seu
782 1061 1079 1103 translocatio
1102 1073 1259 1102 eorum
1282 1063 1325 1102 in
1349 1063 1479 1105 aliam

184 1127 347 1178 sedem,
372 1140 439 1167 res
459 1126 756 1168 admiratione
779 1126 1018 1180 dignissima
1038 1128 1108 1168 est.
1179 1127 1296 1169 Nam
1326 1141 1479 1182 quem—

189 1192 431 1231 admodum
450 1192 576 1245 snper
597 1192 832 1233 thoracem
861 1192 1052 1246 spurium
1082 1191 1218 1245 cuspis
1248 1193 1392 1245 posita
1421 1194 1480 1235 est

188 1255 631 1296 vicembrach‘iorum
650 1256 841 1309 implens
890 1284 902 1308 7
953 1257 1210 1310 parimodo
1232 1256 1341 1299 infra
1365 1257 1479 1299 hunc

191 1315 319 1369 super
342 1317 470 1356 ambo
488 1319 617 1369 sacra,
635 1320 858 1370 quoddam
887 1321 1054 1359 osseum
1082 1334 1243 1372 corpus
1266 1322 1482 1374 pollicem

192 1378 332 1420 latum
354 1378 546 1420 informe
567 1381 706 1430 iacet,
731 1381 848 1434 qnod
868 1381 1013 1421 vicem
1033 1381 1150 1423 forte
1175 1383 1326 1424 offium
1346 1385 1479 1427 inno-

192 1445 465 1484 minatornm
486 1455 742 1497 artuumque
765 1442 1023 1485 inferiorum
1044 1445 1219 1499 implet.

307 1507 499 1547 Tantum
526 1521 547 1547 a
565 1508 793 1547 communi
818 1506 915 1560 lege
947 1521 993 1548 ac
1013 1508 1120 1549 statu
1135 1512 1360 1553 ordinario
1379 1512 1484 1554 stru-

193 1571 307 1613 stura
335 1569 507 1610 huiusce
540 1571 725 1611 monstri
761 1573 964 1612 exterior
991 1572 1133 1614 aliena
1161 1575 1249 1627 est,
1296 1578 1483 1618 minime

193 1644 342 1676 tamen
361 1634 448 1676 fine
468 1636 660 1689 partium
686 1635 955 1677 interiorum
974 1639 1099 1691 (qnae
1127 1638 1196 1679 sub
1216 1650 1336 1682 tanta
1349 1654 1482 1683 reuo-

194 1698 361 1739 lutione
389 1712 552 1753 magno
582 1701 626 1740 in
658 1701 906 1742 discrimine
934 1701 1055 1743 sicuti
1085 1704 1383 1747 consideranti
1405 1720 1482 1760 pa-

196 1772 262 1803 tet
275 1764 750 1818 constitutaefiierunt‚)
769 1765 926 1820 insigni
944 1768 1239 1823 catastrophe,
1254 1771 1483 1825 dequaad-

195 1826 278 1868 huc
296 1829 431 1869 modo
453 1831 667 1883 agendum
691 1831 762 1871 est.

313 1893 450 1934 Prima
467 1895 611 1949 itaque
626 1895 875 1937 obseruatio
896 1896 1114 1950 generalis
1133 1897 1240 1939 haec
1256 1898 1338 1949 est,
1364 1900 1485 1953 quod

197 1960 501 2000 extremitates
542 1961 810 2015 respec'tniae
851 1962 1164 2014 musculorum,
1210 1976 1453 2005 neruorum
1475 1993 1487 2016 ‚

194 2021 411 2073 vasorum,
443 2026 883 2080 membraiiai·umque
914 2027 982 2067 sub
1009 2028 1232 2069 iunctione
1261 2030 1486 2083 vti-iusque

196 2088 452 2140 corpusculi,
509 2103 663 2133 mutuo
690 2104 921 2132 connexae
939 2091 1022 2133 fint
1052 2120 1064 2143 ,
1107 2106 1162 2134 ex
1180 2107 1260 2148 qua
1282 2095 1449 2135 vnione
1471 2121 1483 2143 ,

195 2154 543 2198 communicatio
571 2166 776 2199 motuum
797 2156 1482 2212 acsenfiitionumtransfnfioque

195 2211 310 2256 Tom.
328 2216 406 2259 ΙΙΙ.
891 2221 926 2266 C
939 2234 963 2264 c
1318 2222 1482 2266 humo-
