2013 2719
336 175 425 223 DE
441 171 717 224 ARJTHM.
740 168 862 223 FIG.
885 163 1094 238 EIVSQ.
1122 164 1277 222 VSI‘B.
1299 174 1382 220 &c.
1459 188 1523 231 29

249 286 393 328 ferunt
423 298 548 328 meae
579 285 705 327 series
734 295 965 339 praeterea
995 296 1017 326 a
1039 284 1234 326 numeris
1251 281 1452 338 figuratis
1472 285 1517 326 in

246 365 320 403 eo,
341 351 460 407 quod
479 364 554 392 eae
574 350 665 393 vsus
684 350 850 405 aliquot
870 363 965 403 nonv
983 350 1255 405 spernendos
1273 349 1517 404 praestent,

245 418 347 459 dum
370 419 573 470 Figurata
595 415 895 458 Arithmetica
911 416 1100 470 vulgaris
1129 426 1339 470 tanquam
1365 414 1520 457 sterilis

244 482 358 524 haud
381 482 611 523 immerito
634 480 832 533 reputari
851 480 976 521 solet.

367 562 408 587 2.
476 547 608 589 Noua
631 557 722 585 non
741 544 835 585 sunt
857 545 1008 586 omnia
1028 556 1136 599 quae
1160 544 1317 596 affero,
1359 543 1519 586 modus

245 612 365 652 enim
394 624 443 652 ea
472 611 687 652 tractandi
713 637 725 661 ‚
783 610 875 664 (qui
901 608 1045 652 forsan
1066 622 1205 650 nouus
1226 609 1302 661 est>
1324 610 1520 663 require-

245 676 317 717 bat
353 685 400 717 vt
437 675 667 716 miscerem
705 686 804 716 mea
843 673 1009 725 alienis.
1098 673 1266 717 Sufficit
1289 673 1401 714 mihi
1428 673 1457 714 si
1476 673 1523 715 id

246 739 500 794 praestitisse
524 740 688 780 iudicer
713 767 725 790 ‚
757 739 879 794 quod
898 740 942 779 in
965 752 1100 780 vnum
1118 739 1270 780 locum
1290 739 1521 792 congeffe-

245 805 330 846 rim
348 817 455 858 quae
479 817 533 845 ex
553 806 683 846 variis
703 803 822 844 libris
842 804 1146 858 conquirenda
1166 804 1301 846 essent
1319 804 1517 854 Lectori,

245 869 363 924 quod
383 868 608 909 difficilem
634 868 736 910 alias
765 869 1000 911 materiam
1027 868 1201 910 facilem
1226 868 1518 920 reddiderim,

247 944 291 975 et
320 932 625 976 acceffionibus
653 933 852 974 auxerim
875 946 967 974 non
1002 933 1361 975 contemnendis.
1427 933 1520 975 Diu

245 998 303 1040 est
323 1026 334 1049 ,
376 999 495 1053 quod
514 998 621 1039 haec
644 999 882 1040 meditatus
906 998 990 1050 fui,
1033 1008 1076 1039 et
1104 1011 1204 1039 cum
1224 998 1370 1039 amico
1389 1010 1517 1038 com-

244 1064 493 1115 municaui‚
535 1065 651 1105 cuius
672 1064 851 1105 demum
872 1065 1053 1105 monito
1074 1062 1279 1105 intellexi
1302 1091 1314 1115 ‚
1358 1074 1519 1104 eorum

243 1128 458 1170 nonnulla
477 1129 613 1171 etiam
632 1129 732 1170 alibi
756 1156 766 1179 ,
810 1129 881 1169 sed
900 1129 1030 1170 aliter
1052 1139 1221 1171 extare.

674 1219 964 1290 CAPVT
1035 1220 1077 1281 Ι.

327 1333 420 1391 De
462 1349 670 1392 natura
702 1335 984 1413 ser-ieram
1013 1336 1436 1395 collectiuarmn.

245 1449 292 1487 3·
465 1449 687 1491 Ssumatur
742 1451 871 1490 series
926 1463 1216 1491 numerorum
1272 1449 1518 1504 aequalium

495 1512 648 1567 (qualis
671 1525 720 1553 ea
743 1514 801 1556 est
821 1526 931 1568 quae
949 1515 993 1553 in
1012 1514 1202 1557 subiec‘to
1226 1514 1439 1567 exemplo
1465 1515 1518 1555 li-

244 1586 338 1618 tera
359 1578 394 1620 B
414 1579 621 1632 signatur)
640 1579 893 1634 dicaturque
912 1579 1041 1619 series
1063 1580 1196 1633 primi
1224 1578 1392 1618 ordinis
1417 1580 1517 1629 3Ex

243 1641 323 1683 hac
345 1643 451 1683 serie
476 1641 696 1684 formetur
721 1643 897 1685 secundi
925 1644 1092 1685 ordinis
1120 1644 1249 1685 series
1274 1643 1366 1694 (C)
1398 1644 1517 1684 cuius

245 1708 410 1759 primus
430 1709 642 1749 terminus
660 1708 710 1749 fit
729 1710 1034 1764 qualiscunque
1064 1721 1286 1760 numerus3
1304 1708 1514 1749 secundus

246 1782 392 1813 autern
411 1772 460 1813 fit
481 1773 645 1814 summa
669 1786 725 1815 ex
746 1776 895 1829 primo
917 1774 1038 1815 huius
1065 1783 1108 1814 et
1135 1773 1325 1815 secundo
1354 1774 1516 1814 termi-

244 1847 304 1876 no
325 1838 486 1890 prioris
506 1838 631 1878 seriei
649 1840 870 1892 conflata3
891 1852 947 1881 ex
965 1852 1052 1894 quo
1073 1838 1280 1888 secundo,
1306 1846 1349 1877 et
1369 1837 1515 1878 tertio

245 1902 396 1953 priore
418 1930 429 1955 ‚
453 1903 529 1944 fiat
550 1905 730 1956 tertiu53
750 1906 1001 1959 eodemque
1028 1904 1170 1946 modo
1200 1902 1357 1957 reliqui
1383 1901 1513 1943 colli-

243 1976 412 2017 gantur.
483 1970 567 2010 Pro
590 1968 698 2010 serie
722 1971 847 2012 tertii
871 1970 1038 2011 ordinis
1056 1969 1136 2020 (D)
1154 1968 1388 2011 assumatur
1409 1978 1513 2021 qua-

241 2028 462 2087 liscunque
485 2034 650 2087 primus
672 2036 888 2078 terminus
911 2062 923 2086 ,
964 2034 1118 2088 reliqui
1140 2043 1288 2075 autem
1311 2031 1513 2073 formen-

240 2103 311 2135 tur
335 2110 390 2139 ex
407 2097 588 2139 secunda
610 2099 742 2154 serie,
782 2102 849 2143 vti
873 2101 1056 2142 termini
1075 2099 1201 2140 seriei
1221 2098 1432 2139 secundae
1457 2109 1515 2139 ex

240 2160 383 2213 prima
401 2162 718 2206 formabantur.
805 2166 901 2208 Pari
930 2166 1109 2206 ratione
1128 2163 1380 2205 formentur
1398 2173 1510 2216 quo-

837 2229 882 2275 D
924 2245 948 2284 3
1425 2236 1508 2279 que
