2013 2719
650 173 1026 222 CASANENSE
1388 197 1407 225 1
1423 185 1483 236 87

199 287 318 330 reita
339 284 587 337 descendit,
609 284 827 327 columnae
848 285 1013 340 spiralis
1043 284 1236 329 formam
1259 287 1485 343 assumens,

200 365 248 394 ac
266 365 346 406 pei·
365 352 557 392 medium
579 351 832 392 mesenterii
851 379 862 402 7
884 352 937 392 ad
964 350 1225 393 inferiorem
1260 355 1349 395 eius
1383 363 1483 395 ten0

201 418 305 458 dens
320 416 536 457 fimbriam
550 416 677 470 inque
691 415 1028 469 appendiculam
1038 416 1378 460 vermlformem
1398 432 1484 474 op-

201 483 311 523 time
331 480 659 522 conformatam
681 480 888 521 desinens.
912 493 934 520 a
954 493 1035 535 qua
1058 482 1202 523 duetus
1229 484 1485 527 intestinalis

200 546 485 588 dextrorsum
506 543 876 599 sinistrorsumque
896 545 1040 587 versus
1059 548 1290 598 geminam
1312 549 1486 589 mesen-

202 613 305 652 terii
359 610 578 651 fimbriam
618 610 670 651 ad
741 611 933 664 plurium
1004 612 1259 664 palmorum
1338 612 1486 666 longi-

204 677 405 717 tudinem
461 674 757 728 prolongatur
804 703 815 727 ,
887 676 1032 716 donec
1086 676 1286 717 absoluto
1345 678 1487 718 ambi-

202 750 276 792 tu,
314 740 556 793 relictoque
603 740 832 780 communi
889 740 1150 791 abdomine,
1200 742 1243 782 in
1277 752 1486 783 ventrem

199 807 373 859 vti-ique
394 805 703 857 particularem
740 804 969 846 descendat
991 832 1002 855 ,
1045 816 1102 845 ex
1118 818 1204 860 quo
1226 806 1403 846 demum
1421 807 1487 847 se-

201 872 288 911 ries
315 868 624 909 intestinorum
661 869 901 908 crassorum
930 881 975 908 ac
1007 869 1235 922 speciatim
1261 872 1489 925 appendix

200 933 500 977 vermiformis
517 934 562 972 in
581 942 771 985 Vtroque
791 942 950 974 ventre
965 933 1243 974 efformatus.

319 999 495 1051 Itaque,
526 1006 703 1050 praeter
734 997 859 1051 supra
898 1007 1199 1038 memoratam
1245 998 1486 1040 vermifor-

200 1075 320 1104 mem
343 1062 696 1116 appendiculam,
715 1075 823 1116 quae
843 1064 1093 1102 communis
1117 1064 1190 1115 est,
1214 1062 1365 1103 adhuc
1388 1064 1490 1106 duas

200 1129 317 1176 alias,
332 1127 582 1182 triplexque
603 1127 715 1168 adeo
736 1140 921 1168 coecum
936 1127 1165 1168 obseruare
1184 1129 1227 1168 in
1244 1126 1330 1168 hoc
1350 1128 1489 1170 subie-
1523 1162 1534 1172 .

199 1193 274 1233 &o
302 1193 501 1244 procliue
536 1192 622 1234 est:
692 1193 886 1236 Cuilibet
913 1194 1032 1233 enim
1057 1194 1207 1234 ventri
1234 1193 1491 1246 particulari

203 1254 273 1294 sua
300 1256 482 1309 propria
506 1257 668 1296 viscera
688 1258 899 1298 naturalia
923 1270 1051 1298 more
1080 1259 1294 1300 consueto
1321 1259 1488 1310 insunt,

204 1316 354 1370 absque
372 1318 465 1358 vllo
487 1329 730 1370 apparente
753 1319 920 1360 defectu
941 1322 1385 1373 autinordinatione‚
1413 1324 1490 1364 nisi

206 1393 293 1433 pro
315 1382 390 1422 tali
410 1381 568 1422 habere
586 1381 770 1422 velimus
795 1381 1163 1435 bisin-cntionem,
1194 1386 1364 1438 quaein
1384 1399 1488 1428 vre-

206 1454 301 1486 tere
320 1445 471 1487 sinistri
489 1446 606 1487 renis
623 1446 747 1486 vnius
766 1445 984 1500 gemellae
1003 1449 1238 1503 conspicua
1261 1449 1333 1491 cst.

741 2183 815 2230 Bb
855 2199 881 2241 3
1323 2184 1487 2231 Mou-
