2013 2719
509 189 606 229 190
959 166 1345 219 MONSTRVM

508 283 553 324 ni
575 279 842 336 principium
868 279 984 321 rec'ta
1011 278 1273 320 descendunt
1302 280 1449 335 ibique
1480 281 1787 325 terminantur.

512 348 727 388 Haeremus
754 345 805 384 de
826 346 974 397 primo
1000 345 1178 398 capitali
1197 345 1371 386 obiecto
1401 372 1412 396 ‚
1454 347 1572 399 quod
1590 349 1633 388 in
1662 360 1786 390 exte-

510 411 632 452 riore
659 408 883 461 superficie
918 410 1124 450 occurrit.
1203 411 1364 454 Cetera
1413 422 1504 450 non
1539 422 1640 452 ante
1676 426 1787 454 con·

510 475 651 528 spicua
674 474 766 514 sunt
790 501 801 524 ‚
842 487 968 527 quam
989 474 1059 514 vbi
1078 486 1254 515 remota
1272 475 1365 515 sunt
1387 476 1706 528 integumenta.

630 539 695 579 Ac
717 549 817 578 ante
840 539 988 578 omnia
1009 539 1184 592 quidem
1207 566 1219 589 ‚
1261 540 1303 579 in
1324 552 1541 593 compage
1561 540 1753 582 thoracis
1774 569 1786 593 ,

509 602 678 643 curiosa
702 601 910 655 synthesis
945 603 1123 644 duarum
1164 603 1383 657 spinarum
1423 604 1658 645 dorialium
1693 618 1790 647 cum

510 667 784 720 quadruplici
826 667 983 708 ordine
1027 668 1241 708 costarum
1267 669 1309 707 in
1343 668 1624 722 conspec‘ium
1654 672 1787 712 venit:

511 731 629 774 Nam
652 732 746 785 quia
768 744 1045 785 x‘1iaquaeque
1065 731 1183 784 spina
1210 732 1386 774 dorsalis
1415 746 1503 773 non
1519 732 1655 773 solum
1681 747 1788 774 con-

511 798 709 836 venienti
727 796 1030 837 vertebrarum
1059 808 1243 838 numero
1268 823 1280 847 ,
1327 796 1399 837 sed
1436 808 1479 838 et
1509 798 1684 849 gemina
1712 811 1789 838 co-

512 859 672 901 starum
704 861 812 902 serie
839 861 905 900 seu
934 860 1169 900 duodecim
1207 862 1410 916 vtrinque
1436 862 1560 902 costis
1590 862 1790 904 insti-usta

513 924 595 975 est,
633 925 734 964 ideo
753 927 797 965 in
815 937 905 964 vno
925 923 1109 964 thorace
1129 928 1189 974 48
1205 926 1346 966 costae
1365 927 1670 975 continentur,
1689 940 1789 980 qua-

513 1001 610 1027 rum
631 988 792 1028 scilicet
814 987 1047 1034 duodecim
1069 999 1124 1026 ex
1141 1000 1231 1027 vno
1252 998 1420 1029 tantum
1435 1003 1575 1042 eoque
1597 1002 1789 1031 externo

513 1049 654 1090 latere
681 1052 901 1103 Vtriusque
928 1050 1072 1103 spinae
1103 1051 1372 1102 prodeuntes
1402 1063 1563 1102 eaeque
1593 1053 1790 1102 integrae

516 1126 565 1153 ac
587 1115 856 1165 inuiolatae,
894 1113 1032 1154 latera
1053 1112 1246 1154 thoracis
1269 1116 1497 1167 pestusque
1518 1141 1529 1163 ,
1564 1113 1790 1153 mediante

517 1177 608 1218 offe
630 1179 757 1219 sterni
779 1205 790 1228 ‚
839 1178 1137 1230 clauiculisque
1162 1179 1363 1229 x'trinque
1389 1176 1590 1229 perfee‘tis
1611 1202 1622 1223 ‚
1664 1176 1791 1216 illud-

516 1254 598 1294 que
619 1242 754 1283 latum
777 1251 819 1281 et
840 1241 1036 1293 amplum
1068 1240 1306 1279 efformant
1328 1254 1340 1289 ·‚
1405 1237 1531 1277 Aliae
1550 1248 1661 1276 vero
1683 1238 1793 1278 duo-
1823 1248 1826 1250 ·

515 1306 660 1345 decim
687 1305 830 1344 costae
857 1316 964 1356 quae
985 1315 1040 1342 ex
1061 1301 1273 1355 opposito
1293 1302 1359 1342 seu
1381 1301 1560 1341 interno
1572 1300 1792 1355 vtriusque

517 1368 663 1421 spinae
685 1369 825 1409 latere
849 1367 1071 1420 prodeunt
1093 1393 1104 1417 ,
1144 1375 1298 1407 mutuo
1319 1365 1391 1406 fibi
1414 1367 1604 1415 iunc'tae‚
1646 1367 1794 1418 pestus

519 1433 705 1473 alterum
735 1432 801 1473 scu
828 1432 1016 1484 spurium
1047 1458 1059 1480 ‚
1107 1430 1221 1471 cuius
1246 1432 1404 1471 vertici
1430 1430 1566 1483 cuspis
1592 1429 1745 1470 insidet
1776 1453 1789 1480 ‚

518 1497 732 1547 efficiunt3
798 1498 887 1537 Hae
908 1507 1017 1535 vero
1036 1494 1179 1534 costae
1201 1507 1222 1532 a
1244 1495 1444 1546 priorum
1464 1494 1790 1534 conformatio-

521 1574 574 1601 ne
595 1561 780 1601 multum
804 1557 1009 1598 differunt
1032 1573 1040 1597 2
1114 1557 1221 1598 Non
1242 1558 1359 1596 enim
1387 1557 1429 1595 in
1449 1568 1595 1595 arcum
1614 1555 1755 1596 flexae
1776 1585 1787 1607 ‚

519 1637 674 1665 verum
701 1624 844 1663 reciae
874 1647 885 1670 ‚
933 1620 1157 1661 breuiores
1176 1632 1221 1660 ac
1247 1619 1384 1660 veluti
1403 1618 1593 1659 abscissae
1614 1646 1625 1668 ‚
1667 1621 1788 1659 adiu-

520 1688 601 1729 star
621 1688 829 1740 graduum
848 1685 981 1725 scalae
1008 1685 1124 1724 inter
1144 1685 1365 1736 geminam
1391 1683 1554 1735 spinam
1574 1683 1788 1725 dorsalem

523 1750 793 1793 transuerfim
815 1749 981 1804 pofitae
1000 1762 1047 1790 ac
1074 1748 1161 1789 fine
1180 1749 1326 1790 medio
1348 1748 1535 1788 inuicem
1555 1748 1787 1801 copulatae

524 1816 618 1857 sunt
634 1843 645 1865 ‚
715 1815 811 1869 quia
834 1816 892 1854 Os
927 1813 1058 1856 sterni
1075 1811 1223 1854 deficit
1243 1839 1255 1863 ‚
1295 1813 1408 1852 cuius
1434 1812 1550 1852 vices
1567 1811 1684 1852 forte
1705 1812 1785 1852 irn-

524 1880 618 1935 plet
640 1879 861 1920 ossiculum
889 1878 1161 1930 oblongum,
1201 1885 1288 1918 tres
1306 1877 1421 1916 inter
1448 1876 1693 1929 superiores
1711 1888 1788 1915 co·

524 1944 646 1987 stulas
662 1944 882 1997 Vtriusque
900 1943 1047 1984 lateris
1066 1942 1284 1983 medium:
1323 1940 1558 1993 Reliquae,
1595 1942 1659 1982 vti
1679 1941 1790 1990 dixi,

525 2009 614 2052 fine
634 2008 786 2050 medio
808 2008 995 2048 inuicem
1023 2015 1212 2057 coeunt,
1250 2018 1295 2046 ac
1317 2005 1487 2058 oblique
1512 2005 1563 2045 ad
1585 2003 1791 2056 angulum

525 2083 700 2114 acutum
719 2082 1032 2115 concurrentes
1047 2069 1331 2127 specstaculum
1352 2070 1560 2124 singulare
1579 2067 1712 2110 oculis
1735 2078 1793 2110 ex

522 2136 688 2180 hibent.

1644 2196 1788 2238 Trun-
