2013 2719
517 167 613 210 186
987 156 1374 206 MONSTRUM

517 272 660 314 tinata
678 267 877 312 constans
897 266 964 307 sub
988 266 1322 321 diaphragmate
1353 266 1539 320 pendula
1570 267 1626 309 est
1649 284 1661 321 3
1699 269 1788 309 Ve-

522 349 620 379 rum
640 336 742 375 loco
765 333 901 387 partis
924 344 1154 373 connexae
1203 359 1213 382 ,
1263 345 1343 386 qua
1363 343 1460 371 cum
1484 331 1561 372 illo
1581 333 1790 386 coniungi

519 402 631 442 solet
660 426 671 449 ‚
715 398 792 440 situ
829 397 1056 437 contrario
1094 409 1258 450 nempe
1297 397 1492 449 margine
1521 395 1587 436 seu
1616 397 1788 448 limbo,

519 466 719 505 deorsum
755 462 1005 516 spectante,
1056 473 1143 514 ope
1178 461 1362 513 triplicis
1396 460 1665 501 vinculicum
1700 462 1789 501 dia·-

517 528 776 582 phragmate
807 527 1082 568 conneffltur
1109 553 1121 576 ,
1162 539 1276 566 cuius
1296 525 1395 565 situs
1416 523 1571 564 inuersi
1593 523 1709 563 causa
1731 525 1790 565 fii-

517 596 632 635 (tum
656 591 712 632 est
737 617 746 640 ‚
786 600 834 632 vt
859 604 956 645 pars
981 601 1162 643 Vtraque
1183 602 1384 630 connexa
1416 588 1600 642 praefati
1621 587 1792 641 hepatis

517 654 751 699 monstrosi
784 683 794 705 ‚
851 655 980 696 ambo
1010 654 1352 708 hypochondria
1383 653 1582 706 respiciat
1636 663 1792 693 contra

517 732 696 762 natutae
718 719 973 760 consuetum
990 720 1207 759 ordinem.
1275 718 1397 760 Haud
1419 728 1566 757 tamen
1591 715 1661 756 illa
1682 717 1789 756 duo·

517 799 614 827 rum
643 785 854 838 hepatum
885 783 1175 836 agglutinatio
1206 781 1274 822 seu
1304 782 1465 822 iune'tio
1490 791 1579 820 tam
1600 781 1792 833 perfee‘ta

518 850 576 890 est
606 877 616 900 ,
657 851 758 903 quin
784 850 828 889 in
849 859 973 901 parte
1002 848 1088 888 ima
1108 848 1222 886 inter
1249 856 1480 897 vtrumqne
1509 847 1753 898 marginem
1774 871 1786 895 ‚

516 913 657 954 hiatus
681 917 749 954 seu
777 912 1058 952 interstitium
1094 910 1305 951 sufficiens
1335 920 1544 961 appareat
1574 923 1656 962 pro
1685 909 1789 949 sede

517 977 703 1019 folliculi
730 976 963 1028 longioris,
988 975 1030 1014 in
1051 972 1382 1026 quocopiabilis
1403 982 1521 1013 atrae
1534 975 1792 1014 continetur

517 1041 691 1084 Gaudet
719 1041 853 1079 ctiam
873 1039 996 1079 dustu
1025 1038 1185 1089 cystico
1204 1036 1417 1076 bifurcato
1441 1064 1453 1088 7
1489 1048 1573 1076 vna
1593 1048 1691 1074 cum
1710 1035 1789 1074 he-

517 1105 723 1160 paticoin
744 1100 1057 1143 cholidochum
1081 1101 1317 1141 defluente.

634 1170 759 1210 Loco
780 1167 984 1219 geminae
1006 1177 1143 1205 venae
1174 1163 1429 1204 vmbilicalis
1456 1188 1468 1210 ‚
1507 1161 1635 1201 vnica
1657 1159 1788 1210 adest,

516 1232 589 1274 sed
617 1233 728 1272 adeo
755 1241 911 1282 magna
930 1256 942 1278 ‚
980 1238 1028 1268 vt
1057 1239 1216 1266 venam
1242 1236 1391 1264 cauam
1418 1223 1485 1262 sua
1504 1222 1794 1274 amplitudine

522 1305 678 1349 aequet
701 1322 711 1343 ⁷
753 1305 809 1332 cx
827 1304 907 1344 qua
936 1303 1014 1330 nec
1038 1302 1127 1328 non
1149 1289 1318 1329 arteriis
1334 1287 1394 1328 bis
1421 1286 1608 1340 geminis
1628 1285 1792 1326 funicu-

516 1359 579 1400 lus
599 1357 853 1399 vmbilicalis
878 1353 1091 1394 conflatus
1118 1353 1188 1394 est.

637 1423 745 1463 Vice
764 1420 931 1473 gemini
950 1418 1183 1459 ventriculi
1205 1443 1215 1466 ‚
1255 1427 1362 1457 vnus
1381 1413 1663 1456 solummodo
1683 1425 1794 1455 cona

519 1487 685 1541 spicuus
706 1486 778 1535 est,
799 1497 853 1523 ex
875 1482 1104 1522 amborum
1127 1479 1476 1531 agglutinatione
1498 1477 1789 1528 efformatus„

521 1553 638 1592 cuius
664 1546 896 1589 iunetionis
925 1553 1059 1583 notae
1096 1543 1257 1595 partim
1288 1554 1343 1582 ex
1369 1542 1551 1593 gemino
1580 1539 1714 1580 fundo
1743 1553 1792 1582 ac

521 1611 810 1666 amplitudine
839 1606 1077 1660 oesophagi
1098 1616 1140 1645 et
1155 1605 1316 1659 pylmi,
1337 1604 1498 1657 partim
1527 1616 1579 1644 ex
1602 1616 1790 1645 numero

521 1678 747 1727 vasorum,
783 1675 892 1714 item
910 1672 1074 1712 lienum
1093 1680 1136 1709 et
1158 1679 1446 1710 omentorum
1466 1668 1561 1707 satis
1581 1678 1729 1708 certae
1742 1680 1791 1710 ac

523 1742 750 1782 euidentes
772 1739 863 1779 sunt
886 1764 898 1788 ‚
938 1737 981 1777 in
1000 1747 1080 1789 qua
1098 1745 1237 1788 porro
1265 1733 1486 1774 iunc‘tione
1513 1731 1787 1772 ventriculo-

520 1818 648 1858 rum,
687 1816 764 1845 eos
789 1803 915 1844 situm
944 1798 1167 1841 mutauiffe
1187 1796 1330 1851 palam
1358 1797 1434 1838 est:
1471 1796 1512 1836 Is
1531 1797 1645 1836 enim
1658 1807 1790 1836 more

521 1870 713 1911 aliorum
733 1868 966 1909 hominum
990 1877 1079 1904 non
1100 1859 1785 1912 transuersus,sedinstarlagenae‚

523 1935 677 1975 eree'tae
715 1932 859 1974 altero
890 1929 1167 1971 orificiorum
1199 1925 1381 1978 sursum,
1414 1925 1557 1967 altero
1585 1923 1789 1966 deorsum

518 1998 741 2053 spectante
773 1996 1045 2036 obseruatur.

643 2061 943 2119 Quamobrem
967 2060 1065 2100 vice
1085 2054 1250 2112 gemini
1276 2052 1496 2104 duodeni,
1535 2063 1669 2094 vnum
1689 2049 1788 2091 sim·

522 2124 632 2182 plex
668 2126 919 2170 intestinum
941 2135 1001 2170 ex
1018 2123 1182 2167 duobus
1205 2120 1556 2178 conglutinatum
1580 2128 1603 2159 a
1620 2116 1791 2222 pylogto

1670 2190 1717 2224 re
1764 2189 1790 2220 a
