2013 2719
595 172 990 223 cocHLEATm.
1358 182 1450 231 163

180 287 567 342 cumgyrationem
588 283 825 325 causabitur
845 284 889 323 in
901 282 1158 325 adducendo
1181 291 1225 324 et
1239 282 1455 325 reducen-

182 354 240 394 do
260 352 490 406 cylindro,
531 361 621 390 non
643 348 867 389 resistente
889 348 1116 389 manubrio
1147 348 1353 390 versatili.

299 420 400 467 (10)
466 414 670 467 Agitatio
693 413 835 466 itaque
852 413 938 453 hoc
951 412 1153 465 cylindro
1172 412 1457 466 ligneo,dens

182 482 251 524 seu
273 482 429 534 prisma
449 478 706 531 chalybeum
726 478 768 517 in
789 489 918 517 crena
933 478 1121 531 cylindri
1139 479 1178 518 se
1199 479 1454 528 continen53

185 547 349 587 nullum
369 543 498 584 alium
519 542 720 596 cylindro
741 540 947 582 concedit
963 551 1153 593 motum,
1171 555 1300 595 quam
1327 555 1457 596 gyra⁶

183 611 288 661 lem,
313 609 366 650 ad
395 608 568 653 ductum
598 619 755 649 crenae
781 607 826 648 in
850 607 1182 661 longitudinem
1204 607 1456 661 proceden-

184 685 290 717 tem.

303 741 345 790 (1
362 741 405 789 1)
471 736 671 780 Tandem
692 735 874 779 cochlea
903 736 1101 791 prismati
1130 736 1384 778 incumbens
1407 736 1461 777 ad

185 814 383 859 quartam
416 812 591 854 partem
612 802 670 842 sui
695 802 794 855 gyri
814 801 1048 842 adducatur
1068 829 1078 853 ,
1099 811 1142 841 et
1162 801 1216 842 fic
1238 802 1282 842 vi
1301 801 1458 854 impri-

188 880 329 910 matur
348 865 654 919 aliquantisper
673 866 848 918 prisma,
863 866 953 905 acie
976 866 1296 919 praeditum‚in
1316 865 1457 918 cylin-

186 934 310 974 drum
327 932 523 983 ligneum
544 955 556 979 ,
599 938 641 970 et
663 930 853 982 agitetur
873 929 1093 982 cylindrus
1130 958 1141 981 ⁷
1178 939 1226 970 vt
1251 930 1354 969 dens
1373 930 1458 971 im-

186 995 342 1050 pressus
360 1003 539 1034 crenam
559 992 674 1034 suam
695 994 844 1044 radat,
870 1004 1052 1047 eamque
1073 993 1343 1047 ampliorem
1358 993 1458 1034 red-

184 1061 267 1100 dat.
337 1058 433 1100 Hoc
452 1057 616 1110 saepius
634 1058 897 1100 reiteratum
928 1086 939 1109 ‚
980 1070 1159 1100 crenam
1190 1067 1234 1098 et
1254 1056 1389 1098 latam
1413 1066 1459 1098 et

180 1122 444 1178 profundam
457 1122 689 1176 prolubitu
702 1122 830 1165 faciet
841 1124 961 1173 dens,
979 1123 1089 1164 acies
1102 1135 1211 1163 vero
1222 1122 1394 1175 semper
1408 1122 1462 1163 ad

181 1199 384 1228 centrum
418 1200 607 1240 vergens
648 1190 766 1230 viam
789 1188 1042 1238 excauabit‚
1085 1201 1141 1229 ex
1159 1200 1239 1241 qua
1263 1187 1463 1242 prismati

186 1252 401 1291 excedere
423 1264 514 1291 non
535 1252 716 1293 dabitur.
754 1253 811 1294 Et
833 1253 887 1293 fic
907 1253 1085 1306 gyratio
1105 1252 1294 1306 cylindri
1313 1253 1366 1293 ad
1385 1251 1459 1291 de-

184 1314 416 1354 fideratam
437 1313 684 1354 distantiam
705 1314 855 1354 helicis
877 1318 959 1355 erit
980 1316 1204 1368 instructa,
1231 1326 1274 1357 et
1294 1315 1460 1357 machi—

185 1390 241 1418 na
263 1377 490 1418 exarandis
508 1375 627 1417 sulcis
646 1376 950 1430 sclopetorum
968 1378 1207 1419 cochleatis
1229 1389 1395 1431 parata.

313 1456 331 1481 1
345 1453 385 1491 7.
458 1441 697 1482 Caeterum
716 1441 949 1494 quomodo
970 1443 1092 1494 virga
1111 1443 1461 1495 chalybe217cum

187 1505 369 1545 embolo
390 1506 541 1556 ligneo
563 1531 574 1553 ,
615 1503 719 1543 lima
742 1506 863 1543 tenui
895 1506 1101 1556 praedito
1125 1533 1135 1557 ‚
1177 1507 1229 1547 ad
1247 1508 1458 1548 inducen-

186 1570 254 1610 das
275 1581 438 1619 cremas,
460 1567 665 1607 intubum
683 1567 871 1620 sclopeti
887 1567 1096 1620 ferreum,
1118 1570 1168 1610 fit
1188 1571 1458 1622 adornanda,

187 1634 303 1686 quod
323 1634 422 1674 artis
441 1632 505 1673 rei
524 1631 817 1685 sclopetariae
835 1633 989 1690 peritis
1006 1634 1105 1677 satis
1132 1645 1291 1678 notum
1311 1663 1323 1689 ,
1365 1647 1460 1679 non

193 1709 301 1750 opus
318 1707 363 1738 vt
382 1697 656 1739 describatur.

316 1775 333 1800 1
348 1764 384 1801 8.
455 1762 639 1805 Constat
691 1775 804 1805 vero
838 1775 896 1806 ex
928 1763 1015 1805 iam
1045 1765 1185 1818 diffis,
1224 1765 1460 1821 quomodo

192 1825 403 1878 quaelibet
425 1825 566 1878 helix,
608 1828 661 1869 ad
684 1828 831 1869 datam
850 1829 1125 1882 distantiam,
1162 1832 1280 1873 recte
1300 1831 1460 1874 descri-

192 1889 253 1939 bi,
291 1890 391 1930 iuste
410 1893 609 1933 excauari
656 1919 668 1943 ‚
720 1903 764 1935 et
793 1893 1082 1936 conficiendis
1100 1896 1211 1936 tubis
1228 1895 1458 1949 sclopeto·

192 1967 312 2005 rum,
354 1955 463 1996 intus
482 1957 788 2009 cochleandis,
811 1958 1024 2014 applicari
1046 1959 1226 2011 debeat,
1265 1968 1314 2002 vt
1344 1959 1456 2001 sclo-

190 2027 294 2070 peta
324 2021 536 2072 prodeant
566 2022 855 2078 perfectiora,
894 2024 960 2067 rei
978 2026 1241 2072 venatoriae
1258 2025 1458 2072 maxime

191 2082 311 2126 Vtilia
328 2096 376 2127 ac
396 2086 644 2132 neceffaria.

807 2217 918 2274 Yg
1373 2215 1463 2263 DE
