2013 2719
571 185 673 228 εει,
1015 163 1376 232 MEMORIAE

573 280 627 320 ad
643 281 824 323 Tanaim
848 293 891 326 et
920 283 1125 330 Maeotin
1152 289 1396 346 Σκόπαο-ις
1423 293 1621 356 Scopafis.
1703 310 1845 353 ΗςςῙ-(ςΕ

575 345 705 386 dotus
724 347 835 388 hunc
857 348 1143 394 Indithirstim
1184 357 1315 402 Saulii
1342 365 1457 414 regis
1486 364 1622 408 filium
1643 369 1756 413 fuisse
1777 391 1845 418 re-=

570 406 681 458 fert,
724 412 1007 467 eius—inquam
1030 416 1159 460 Saulii
1203 449 1215 472 ,
1272 425 1341 477 qui
1363 428 1627 472 Anacharfin
1648 433 1843 494 fratrem,

569 473 687 523 quod
705 474 895 518 Athenis
913 478 1049 521 fuisset
1070 493 1112 523 et
1133 484 1243 526 sacra
1263 486 1431 532 Graeca
1450 493 1842 551 sectaretuninter-

567 534 687 577 fecit.
771 540 841 581 Ab
876 543 1132 587 Anacharsis
1151 550 1429 602 profectione
1456 586 1466 608 ‚
1503 571 1600 600 cum
1645 564 1845 611 Athenas

563 601 709 653 venit,
748 604 799 644 ad
815 604 942 646 Darii
962 621 1090 663 vsqne
1111 616 1449 666 expeditionem
1464 624 1742 670 intercedunt
1763 641 1841 684 77.

567 665 682 704 anni.
755 668 883 725 Quod
904 670 1028 722 facit,
1069 685 1116 715 vt
1138 689 1203 717 res
1225 680 1348 721 nobis
1371 697 1460 724 non
1482 688 1679 732 videatur
1700 694 1840 738 incre-

568 727 721 770 dibilis.
792 734 939 774 Fuerit
954 746 1168 787 tum,cum
1189 741 1347 785 Darius
1368 748 1410 787 i'n
1433 749 1655 802 Scythiam
1678 762 1836 813 mouit,

562 803 700 834 annos
722 805 842 837 natus
859 798 1082 852 sexaginta
1101 804 1378 860 Indathyrsus
1398 829 1405 854 ;
1444 813 1572 857 fuerit
1601 818 1760 865 Saulius
1781 838 1837 866 eo

561 864 794 911 tempore,
832 874 928 902 cum
948 866 1205 909 Anacharsis
1227 873 1424 917 Athenas
1446 890 1652 934 peteret,
1685 888 1837 930 adole-

559 918 679 962 scens
718 933 761 962 et
791 925 1091 978 septendecim
1111 934 1232 974 annis
1255 938 1349 987 post
1374 946 1574 992 gennerit
1597 947 1832 1006 Indathyr·

559 982 675 1035 snm,
701 986 761 1026 ita
780 990 974 1030 rationes
994 992 1091 1033 sane
1111 1000 1401 1041 concordant.
1488 1009 1546 1047 Et
1577 1009 1758 1055 fortassis
1780 1032 1834 1060 ne

559 1053 657 1088 tum
678 1050 852 1101 quidem
873 1065 969 1093 cum
989 1056 1245 1100 Anacharsis
1263 1063 1459 1104 Athenas
1481 1071 1604 1110 venit
1625 1098 1636 1121 ,
1676 1088 1834 1128 regna-

558 1110 624 1150 vit
646 1109 835 1156 Saulins:
875 1115 991 1158 forte
1013 1129 1059 1160 vt
1081 1135 1102 1161 a
1122 1122 1252 1176 longa
1274 1130 1639 1179 peregrinatione
1660 1150 1739 1188 per
1759 1153 1832 1180 or-

555 1170 656 1213 bem
681 1185 895 1219 terrarum
918 1182 1048 1222 rediit
1069 1186 1324 1227 Anacharsis
1345 1216 1355 1238 ,
1379 1190 1559 1232 fratrem
1578 1202 1750 1249 reperit
1762 1215 1832 1242 re-

554 1248 781 1288 gnantem.
849 1242 971 1283 Nihil
992 1247 1110 1286 enim
1130 1249 1301 1291 definiri
1321 1256 1489 1305 potest,
1532 1257 1752 1304 absurdum
1765 1276 1831 1306 ta-

554 1312 660 1340 men
681 1305 779 1355 qnid
801 1305 842 1344 in
865 1306 1082 1348 alterutro
1112 1311 1161 1351 sit
1188 1340 1198 1363 ,
1242 1329 1331 1356 non
1354 1319 1498 1359 video.
1569 1322 1730 1368 Saulius
1750 1343 1831 1375 rex

553 1362 693 1405 Gnnri
716 1367 822 1409 filius
853 1381 968 1420 erat,
1019 1373 1125 1426 Lyci
1149 1389 1298 1431 nepos,
1326 1381 1643 1437 Spargapithae
1662 1404 1829 1443 prone-

552 1440 708 1480 nepos.
777 1434 904 1474 illine
941 1436 1074 1486 igitur
1112 1441 1244 1482 etiam
1283 1445 1437 1486 summi
1473 1461 1596 1503 reges
1624 1453 1828 1507 Scythiae

552 1490 747 1534 suerunt?
769 1498 922 1550 Neque
942 1500 985 1538 id
1004 1502 1185 1543 inuenio
1205 1507 1247 1545 in
1268 1515 1582 1563 monumentis),
1599 1530 1735 1571 neque
1755 1525 1827 1566 vel

553 1555 803 1599 asseruerim
826 1562 911 1612 ipse
936 1563 1006 1603 vel
1044 1571 1309 1618 negauerim.
1391 1575 1454 1615 At
1476 1578 1826 1639 postlndathyr-

550 1618 639 1659 sum
660 1622 918 1674 Αᾶυπεέθης
939 1626 1158 1681 Aripithes
1178 1660 1188 1683 ‚
1229 1644 1320 1674 tum
1343 1638 1558 1691 Aripithis
1578 1644 1684 1687 fissus
1704 1648 1820 1694 Σκύ-

548 1685 628 1732 λης
655 1682 792 1737 Scyles
815 1699 857 1728 et
880 1688 1031 1743 Scylae
1054 1693 1186 1735 stater
1226 1699 1558 1755 Οκταμασάόης
1587 1708 1820 1770 Oc‘Jamasa-

547 1745 807 1790 derfiierr1nt
827 1779 839 1802 ‚
881 1754 931 1792 ad
949 1757 1230 1800 Herodotum
1258 1775 1400 1816 Vsque.
1470 1770 1584 1810 Nam
1612 1775 1818 1821 Herodo-

548 1820 615 1850 tus
633 1813 835 1865 testatur,
877 1819 942 1868 (8)
963 1822 1182 1865 πολλοῖσιν
1200 1817 1331 1867 ’ἐτεσιν
1350 1823 1494 1884 {fs-5607
1528 1862 1538 1884 ‚
1580 1838 1714 1880 multis
1745 1857 1818 1886 an-

546 1876 609 1914 nis
626 1878 712 1931 post
735 1892 862 1932 qnam
880 1883 1135 1927 Anacharsis
1165 1889 1335 1931 interiit
1359 1921 1367 1940 ‚
1411 1896 1566 1949 Scylen
1585 1913 1735 1955 regem
1765 1909 1816 1950 fi-

545 1938 641 1978 mili
694 1941 785 1982 fato
839 1947 1090 1990 occubuisse.
1162 1953 1389 2006 Cognonit
1417 1974 1464 2002 ea
1499 1965 1752 2012 Herodotus
1768 1969 1817 2016 ἐκ

553 2001 719 2058 Τιμνεω
740 2006 797 2048 τὲ
813 2009 1110 2064 Αᾱιατσεὶθεσς
1137 2010 1383 2073 ε”ωἰτᾶὸτσε
1416 2052 1429 2076 ,
1471 2038 1540 2068 aut
1573 2040 1621 2071 vt
1645 2033 1689 2073 in
1721 2036 1814 2079 aliis

1733 2113 1812 2143 co-

553 2187 1793 2230 Μ

620 2216 665 2258 (8)
686 2221 706 2253 1.
730 2223 786 2255 IV.
817 2228 864 2261 78.
891 2230 942 2262 80.
