2013 2719
448 159 528 210 m
560 160 756 210 SVPER
764 159 1066 212 FJCJEBVS.
1332 179 1353 210 ι
1368 181 1386 212 1
1401 182 1427 225 3

143 275 412 317 terminatur
435 302 445 325 7
502 272 573 315 vel
593 272 674 315 alia
701 276 905 330 aequatio
941 287 1041 317 cum
1069 275 1334 330 aequatione
1361 277 1426 318 su·

146 341 376 395 perficiem
401 338 640 379 definiente
663 342 947 392 coniungitur
969 356 982 392 ·‚
1020 340 1246 382 habebitur
1269 354 1426 396 aequ-a-

145 407 213 446 tio
235 420 318 460 pro
337 406 452 446 linea
473 404 655 458 quadam
676 404 720 442 in
741 416 789 443 ea
810 403 1037 457 superficie
1058 404 1135 444 sita
1156 433 1168 456 ,
1204 419 1312 459 quae
1332 407 1424 449 for-

144 481 290 511 matur
320 468 627 511 intersecstioue
663 466 790 507 datae
816 468 1060 521 superficiei
1088 479 1133 510 et
1168 471 1271 511 alius
1309 483 1425 512 noua

145 537 406 590 aequatione
436 531 673 587 expressae.
774 532 982 574 Punctum
1011 533 1198 587 denique
1219 535 1359 577 fixum
1378 537 1424 576 in

139 599 368 653 superficie
395 598 684 639 constituetur
712 624 724 648 ⁷
778 596 852 638 vel
882 596 1038 637 duabus
1066 598 1424 642 indeterminatis

144 664 492 706 determinandis
515 691 526 714 ,
566 661 639 704 vel
660 661 816 703 duabus
838 663 965 703 nouis
994 663 1325 717 aequationibus
1347 666 1421 706 ad-

142 729 382 782 iungendis.

260 809 301 845 9.
380 792 679 849 Quamobrem
699 790 751 831 ad
767 790 932 832 lineam
952 790 1271 835 breuiffimaem
1293 795 1337 834 in
1355 793 1419 835 su⁴

141 855 322 912 perficie
342 868 616 911 quacunque,
657 856 772 894 cuius
791 857 974 908 cognita
996 857 1053 897 est
1077 860 1281 912 aequatio
1303 886 1316 910 ‚
1342 859 1419 899 du⁶

142 924 323 962 cendam
345 921 473 962 aliam
493 920 809 974 aequationem
835 920 1104 972 inuestigabo
1129 949 1140 972 ,
1189 935 1297 977 quae
1319 935 1419 964 cum

137 986 208 1026 illa
228 987 368 1027 iuncta
388 985 541 1026 definit
562 986 605 1024 in
625 983 852 1037 superficie
877 997 926 1026 ea
945 983 1108 1026 lineam
1127 986 1419 1027 breuiffimam

134 1049 384 1103 quaesitam.
471 1051 539 1092 Ex
559 1050 623 1091 his
646 1049 804 1089 deinde
828 1050 985 1090 duabus
1004 1052 1334 1104 aequationibus
1366 1064 1417 1093 o·-

132 1116 268 1165 mnia,
307 1128 416 1171 quae
444 1116 498 1157 ad
524 1115 652 1157 situm
679 1113 822 1154 lineae
841 1113 1112 1156 breuissimae
1140 1117 1416 1170 cognoscen-

132 1178 235 1220 dum
254 1182 481 1233 pertinent
504 1209 516 1233 ‚
571 1179 671 1221 elici
692 1189 922 1233 poterunt.
1008 1180 1230 1224 Proiec‘tio
1253 1181 1416 1222 scilicet

132 1242 177 1281 in
199 1243 331 1295 plano
354 1245 625 1286 horizontali
645 1244 879 1285 definietur
898 1246 1164 1299 aequatione
1185 1274 1197 1298 ,
1231 1259 1337 1302 quae
1359 1259 1416 1288 ex

134 1304 219 1344 illis
245 1307 400 1346 duabus
438 1309 589 1358 prodit
637 1310 935 1347 exterminata
953 1322 1001 1359 y.
1104 1312 1327 1353 Proiee‘tio
1369 1313 1413 1352 in

133 1367 269 1420 plano
289 1369 489 1411 verticali
509 1368 849 1410 horizontalein
863 1371 935 1410 ΑΡ
955 1371 1313 1415 secantehabet'ur
1335 1387 1412 1416 ex-

133 1433 409 1472 terminanda
438 1446 483 1473 x.
559 1435 616 1474 Et
645 1433 872 1484 proiectio
901 1434 947 1472 in
972 1434 1107 1486 plano
1136 1438 1339 1478 verticali
1367 1448 1412 1480 et

129 1495 485 1548 perpendiculari
506 1496 557 1535 ad
578 1496 651 1536 ΑΡ
676 1494 858 1535 habetur
888 1495 1154 1540 eliminanda
1174 1501 1325 1544 littera
1352 1511 1382 1545 t.

315 1573 388 1600 10.
473 1560 545 1601 Ad
568 1558 826 1599 soluendum
847 1572 957 1599 nunc
981 1560 1067 1602 hoc
1090 1564 1324 1617 problema
1343 1572 1410 1612 vti

129 1633 316 1676 oportet
337 1622 515 1664 methodo
547 1626 823 1665 maximorum
844 1631 883 1665 et
894 1627 1152 1670 minimorum
1165 1642 1300 1683 prout
1320 1634 1408 1689 ipsa

127 1689 317 1741 quaestio
345 1688 547 1743 postulat.
655 1689 893 1747 Quaeritur
929 1701 1075 1731 autem
1107 1694 1149 1733 in
1178 1695 1406 1750 superficie

129 1752 225 1794 data
255 1754 370 1794 inter
398 1767 554 1795 omnes
581 1753 714 1794 lineas
743 1754 927 1795 eosdem
955 1757 1175 1799 terminos
1196 1759 1407 1807 habentes

127 1829 204 1869 ea,
242 1831 346 1873 quae
366 1819 422 1861 est
448 1820 644 1860 minima.
714 1820 968 1872 Proprietas
988 1819 1093 1861 haec
1115 1823 1291 1867 minimi
1313 1842 1404 1871 non

125 1882 260 1923 solum
282 1885 322 1924 in
343 1884 561 1937 integram
584 1883 747 1924 lineam
768 1883 1002 1937 quaesitam
1033 1898 1269 1942 competet
1290 1921 1301 1944 ,
1333 1894 1404 1938 sed

125 1949 257 1988 etiam
286 1950 329 1988 in
364 1949 546 2003 singulas
584 1950 672 1989 eius
707 1948 941 2002 particulas
981 1963 993 2001 3
1030 1950 1090 1991 ita
1116 1964 1165 1994 vt
1195 1955 1282 1997 duo
1312 1959 1401 2000 ele-

124 2023 270 2053 menta
305 2014 392 2055 eius
420 2015 629 2066 contigua
665 2013 889 2066 designent
919 2014 1034 2054 intra
1065 2017 1161 2058 suos
1180 2024 1401 2066 terminos

122 2076 236 2118 viam
261 2079 562 2121 breuiffimam.
664 2080 734 2121 Ex
753 2079 840 2119 hoc
861 2079 993 2131 igitur
1012 2078 1183 2126 facilior
1214 2087 1401 2133 nascitur

123 2142 274 2182 modus
294 2144 346 2185 ad
363 2146 676 2201 aequationem
704 2145 1008 2201 perueniendi.

121 2199 238 2247 Tom.
258 2207 336 2251 ΙΙΙ,
790 2210 820 2253 P
1319 2233 1338 2260 1
1353 2233 1392 2261 1,
