2013 2719
541 171 1058 222 ASTRONOMJCAE.
1355 189 1455 232 439

188 285 372 327 dimidio
412 283 617 338 aequabat
647 310 657 333 ⁷
699 284 853 337 quique
880 283 1043 324 Parisiis
1070 282 1119 323 ab
1149 280 1319 323 artifice
1341 281 1458 325 Cha'-

186 361 325 403 potot
345 349 563 390 confectus
583 357 674 387 erat
724 363 737 398 ·,
782 347 864 388 hae
886 357 1032 388 autem
1054 347 1386 388 obseruationes
1408 359 1459 389 ea

185 413 575 465 circumspeftione
595 412 812 452 institutae
835 411 928 451 sunt
952 439 961 460 ‚
1004 421 1050 452 vt
1074 410 1376 452 obl'eruaretur
1396 411 1458 452 al-

182 479 332 518 titudo
369 477 467 518 solis
501 485 738 516 momento
771 474 897 526 ipsius
929 475 1130 514 transitus
1149 488 1229 527 per
1248 475 1457 516 meridia-

181 554 312 591 num,
353 541 423 594 qui
448 539 556 581 mihi
582 538 884 580 innotescebat
924 551 1012 591 ope
1033 537 1264 591 horologii
1288 538 1456 580 oscilla-

184 606 293 646 torii
314 607 479 645 minuta
498 604 677 644 secunda
697 602 1012 654 monstrantis,
1053 602 1171 658 quod
1202 604 1355 657 quouis
1368 604 1454 654 die,

184 679 392 723 qnantum
412 669 585 722 quidem
605 668 814 709 serenitas
833 667 919 707 diei
946 666 1218 708 concedebat
1249 695 1261 718 ,
1302 667 1456 707 secun-

183 735 288 773 dum
308 744 480 786 tempus
500 744 653 773 verum
681 731 962 783 dirigebatur.
1065 732 1298 772 Praeterea
1324 732 1455 772 omni

179 797 323 838 studio
346 797 533 836 conabar
553 795 753 850 prosequi
773 795 911 835 solem
940 794 1013 835 vel
1034 794 1225 836 stellasin
1247 795 1456 836 meridia-

180 874 243 902 no
263 890 273 912 ‚
292 873 421 915 vsque
441 861 543 901 dum
563 861 730 900 certior
750 858 879 900 fietus
902 859 1031 901 essem
1053 871 1132 913 per
1151 860 1456 900 variationem

180 926 437 975 altitudinis,
457 924 575 978 quod
602 923 893 963 meridianum
926 924 1102 964 iamiam
1142 923 1453 976 praeteriisset.

178 989 369 1030 Tabulae
389 989 639 1030 Halieianae
662 986 880 1027 adhibitae
902 999 921 1026 a
944 1000 1013 1027 me
1035 987 1207 1028 fuerunt
1234 998 1281 1028 vt
1304 988 1454 1028 latitu-

179 1053 303 1093 dines
329 1065 389 1092 ex
426 1051 796 1092 obseruationibus
820 1051 1110 1101 deducerem,
1150 1051 1451 1092 declinatione

175 1115 279 1156 solis
300 1117 527 1167 supputata
547 1115 716 1156 illarum
736 1114 927 1156 subsidio.
994 1116 1123 1173 Quod
1143 1125 1290 1156 autem
1311 1116 1362 1157 ad
1382 1128 1455 1157 ce-

176 1189 296 1219 teras
325 1180 470 1231 quibus
493 1179 533 1218 in
554 1178 719 1218 calculo
756 1180 1076 1221 Astronomico
1108 1193 1217 1233 opus
1244 1180 1303 1221 est
1329 1179 1451 1221 tabu·

179 1242 240 1283 ias
263 1243 423 1283 attinet
473 1271 484 1294 ‚
539 1243 700 1285 scilicet
721 1244 928 1285 diametri
949 1243 1048 1285 solis
1069 1244 1240 1298 eiusque
1260 1245 1453 1298 parrala·

175 1318 291 1349 xeos
310 1317 417 1347 vtet
437 1306 773 1357 refraamnum,
819 1307 1069 1350 Caffinianis
1092 1309 1184 1350 vsus
1205 1309 1306 1350 sum.
1331 1309 1451 1350 Tan·

179 1372 283 1411 dem
302 1381 347 1412 vt
367 1384 566 1412 errorem
585 1372 859 1412 instrumenti
881 1372 1162 1425 detegerem,
1192 1373 1452 1427 quandoque

179 1446 310 1476 notas
340 1436 390 1477 ad
419 1436 706 1476 horizontem
733 1435 900 1476 stabiles
926 1437 998 1477 vel
1020 1437 1240 1490 appositas
1262 1465 1273 1487 ‚
1316 1450 1451 1491 quan·

181 1500 323 1553 doque
358 1499 651 1541 inuerfionem
679 1501 928 1553 quadrantis
957 1527 968 1550 ‚
1011 1511 1055 1541 et
1078 1503 1158 1542 alia
1177 1502 1274 1541 vice
1299 1501 1452 1542 altitu-

179 1563 301 1604 dines
333 1565 591 1604 meridianas
618 1563 836 1605 stellarum
863 1564 906 1604 in
927 1563 1054 1618 plaga
1076 1565 1451 1618 Septemtrionali

179 1627 251 1668 vel
271 1627 453 1669 Australi
475 1628 718 1669 obseruatas
737 1627 910 1669 adhibui
930 1644 943 1680 3
962 1639 1098 1682 prout
1119 1629 1230 1670 illius
1252 1630 1450 1670 alterius-

178 1703 234 1732 ve
270 1691 582 1733 verificationis
629 1694 945 1746 operationem
971 1721 983 1745 ‚
1027 1693 1237 1735 serenitas
1267 1695 1377 1737 aeris
1405 1703 1451 1735 et

177 1754 518 1797 commoditates
534 1758 740 1797 locorum
761 1756 1066 1810 permiserunt.
1153 1758 1369 1799 Errorem
1392 1757 1447 1798 fic

178 1830 404 1873 repertum
421 1820 464 1859 in
487 1820 692 1862 columna
709 1822 842 1861 tertia
864 1820 1075 1870 indicaui,
1119 1830 1162 1861 et
1182 1819 1211 1859 fi
1238 1833 1346 1874 quae
1367 1822 1447 1862 ob-

174 1884 468 1924 seruationem
495 1886 736 1925 comitatae
756 1885 850 1926 sunt
872 1912 883 1934 ‚
923 1883 1267 1925 circumstantias
1295 1885 1445 1926 adiun-

178 1950 222 1989 xi
244 1948 342 1998 3vbi
366 1951 607 1990 notandum
629 1949 747 2003 quod
767 1950 795 1990 si
817 1950 861 1989 in
882 1948 1051 2001 singulis
1074 1948 1220 1988 diebus
1242 1948 1359 1989 idem
1373 1962 1443 1991 er·

175 2025 253 2052 ror
272 2011 504 2064 adscriptus
522 2027 612 2054 non
633 2014 904 2066 reperiatur,
946 2013 990 2053 id
1010 2011 1166 2054 factum
1193 2012 1277 2053 effe
1307 2024 1355 2054 vt
1382 2014 1444 2054 su-

176 2088 490 2128 peruacaneam
518 2080 738 2118 -euitarem
765 2077 1090 2131 repetitionem
1129 2089 1256 2131 quam
1295 2088 1444 2118 tamen

174 2141 328 2193 viiio-zue
364 2138 633 2184 intellectam
658 2140 780 2184 volui
798 2152 841 2183 et
864 2140 892 2180 fi
911 2141 1031 2181 forte
1052 2141 1288 2184 variauerit
1307 2142 1445 2183 vbiuis

174 2200 292 2246 Tem
315 2203 394 2245 ΙΙΙ.
865 2204 973 2248 Kkk
1355 2217 1436 2246 no-
