2013 2719
321 176 403 229 m
438 167 859 225 PVLMONIBVS
896 168 1286 219 MiscEATVR.
1369 188 1460 228 231

374 303 468 331 mes
489 286 696 330 vesicules
734 312 746 336 ‚
786 279 888 326 d’ou
921 282 952 323 il
980 277 1212 337 s’echappe
1237 293 1287 323 au
1308 281 1470 322 dehors

376 368 456 408 par
480 349 619 406 l'fipre
657 362 817 393 attere.
888 347 1010 391 Ainsi
1042 348 1084 388 le
1121 359 1360 401 poumon,
1398 347 1472 400 qui

371 420 459 459 sert
489 432 511 459 a
539 413 721 458 l’entree
744 417 796 456 de
824 410 917 456 l’air
939 440 951 463 ‚
992 413 1076 453 sert
1098 410 1195 453 auffi
1217 426 1240 453 a
1260 411 1300 452 sa
1320 411 1470 459 sortie.

189 488 248 532 Et
269 485 313 528 in
336 483 492 524 iisdem
516 481 750 523 Memor-iis
770 478 822 519 ad
840 480 895 520 A.
921 488 1065 528 1707.
1092 490 1133 529 p.
1160 490 1269 517 210.

315 550 408 607 Que
426 543 517 588 l'on
538 544 691 586 sonffle
712 544 765 584 de
787 537 879 583 l'air
901 554 954 581 en
975 541 1107 582 masse
1136 568 1149 591 ,
1176 537 1360 594 je-veux
1380 540 1473 581 dire

377 611 441 653 tel
487 638 498 662 ,
557 622 636 664 que
658 609 698 650 le
736 607 954 661 respirent
971 606 1033 647 les
1052 605 1260 645 animaux
1283 631 1294 653 ‚
1337 617 1416 656 par
1434 605 1475 644 la

378 676 557 717 trachee
580 685 726 715 :ii-tere
759 674 862 714 dans
899 672 941 711 le
964 681 1192 723 poumon,
1233 667 1264 708 il
1287 667 1401 721 paffe
1423 667 1477 707 de

373 739 436 780 ses·
457 738 633 779 cellules
654 751 730 791 par
750 737 809 778 ses
827 737 976 777 veiues
998 734 1101 774 dans
1121 732 1163 773 le
1184 742 1388 784 coeni-‚et
1406 726 1476 785 n'y

381 813 486 857 peut
511 814 661 842 enrrer
681 815 759 855 par
779 802 838 841 ses
859 811 1038 839 arrei-es.

317 868 396 912 111.
462 865 619 906 Trahit
642 877 752 904 vero
792 873 1078 903 momentum
1109 860 1178 902 hic
1205 861 1343 911 locus,
1369 873 1479 915 quoa

202 935 318 980 niam
340 931 616 986 experientiae
638 927 944 969 innititurViri
959 926 1161 966 »industrii
1179 927 1482 966 testimonium

198 1009 247 1039 vt
269 996 374 1037 nihil
395 996 446 1035 de
467 994 711 1035 ratiociniis
734 993 894 1041 dicam,
913 1003 1021 1044 quae
1043 999 1264 1030 mutuatus
1283 989 1331 1029 ab
1343 987 1478 1029 Hom—

197 1061 333 1113 berglo
351 1059 565 1100 recensuit
588 1057 693 1099 loco
715 1059 789 1098 cit.
810 1071 852 1110 p.
881 1071 934 1096 21
950 1070 991 1096 2.
1017 1070 1070 1095 21
1086 1070 1128 1106 3.
1232 1054 1402 1096 Lubens
1422 1053 1482 1095 fa-

195 1135 322 1177 teor,
345 1137 416 1165 me
436 1124 612 1165 subinde
641 1133 813 1164 tantum
841 1121 904 1162 his
925 1121 1046 1162 dic'lis
1072 1119 1264 1161 tribuisse
1283 1146 1295 1169 ,
1337 1128 1385 1159 vt
1412 1130 1482 1158 ae-

196 1201 295 1230 rem
316 1189 489 1240 ingredi
507 1190 551 1227 in
579 1190 792 1242 pulmone
819 1186 1072 1238 sanguinem
1100 1195 1143 1225 et
1171 1185 1260 1238 ipse
1282 1183 1482 1223 credide-

198 1253 284 1292 rim
305 1279 316 1302 ‚
355 1264 400 1292 et
423 1251 510 1292 aliis
534 1252 795 1304 persuadere
816 1251 1014 1290 connisus
1034 1250 1208 1289 fuerim.
1282 1248 1483 1288 Tandem

201 1327 314 1355 vero
343 1343 354 1365 ,
399 1314 473 1355 vbi
508 1315 675 1367 aliquos
696 1314 793 1352 huic
814 1312 974 1351 afferto
998 1314 1249 1352 constanter
1268 1312 1484 1352 1611161311-

203 1389 269 1420 tes
291 1377 566 1432 deprehendi
595 1406 606 1430 ‚
653 1376 789 1418 visum
820 1376 878 1417 est
908 1375 1166 1416 decretorio
1188 1375 1232 1414 id
1252 1375 1485 1428 negotium

207 1445 525 1496 experimento
550 1442 747 1481 definire.

319 1506 398 1547 IV.
464 1506 845 1556 Experimentum
863 1505 1062 1556 primum,
1086 1504 1318 1556 praesente
1348 1513 1391 1544 et
1411 1516 1485 1544 au-

203 1568 356 1611 xilium
376 1567 547 1610 ferente
568 1567 825 1608 amiciffimo
848 1567 1061 1621 Collega,
1109 1564 1194 1607 Dm.
1214 1565 1290 1607 Du
1313 1568 1485 1619 Vemzoi,

205 1633 289 1674 feci
340 1634 383 1676 in
417 1633 629 1673 cadauere
665 1633 749 1673 viri
790 1631 971 1672 fulmine
995 1634 1064 1675 iCti
1087 1659 1098 1682 ‚
1142 1632 1181 1672 d.
1209 1647 1280 1672 12.
1303 1632 1410 1674 Maii
1431 1634 1485 1674 A.

212 1708 356 1748 1727.
419 1698 709 1750 'Praeparatio
734 1697 964 1738 machinae
985 1697 1089 1737 haec
1111 1707 1219 1737 erat.
1305 1698 1375 1738 Ad
1395 1700 1488 1738 An-

211 1762 338 1802 tliam
358 1760 854 1803 Muschenbroekianam
875 1762 1047 1802 firmani
1075 1761 1271 1803 tubulum
1303 1773 1488 1801 aeneum

211 1838 440 1866 recuruum
472 1854 483 1877 ,
522 1828 638 1867 cuius
665 1828 928 1868 extremitas
956 1826 1146 1866 deorfim
1164 1827 1357 1879 spectans
1380 1825 1487 1865 desl-

217 1889 344 1929 nebat
364 1890 406 1930 in
425 1890 653 1932 cochleam
672 1904 856 1932 marem.
955 1892 1065 1933 Huic
1094 1890 1286 1931 firmiter
1317 1890 1491 1943 alligaui

215 1953 421 1994 arteriam
440 1954 530 1996 lobi
551 1957 827 2013 pulmonaris
848 1956 1009 2008 integri
1031 1982 1042 2005 ,
1084 1955 1150 1995 cui
1170 1957 1306 1996 auhuc
1328 1955 1488 1996 adhae-

213 2017 367 2058 rebant
388 2013 747 2063 trunffvasorum
769 2023 1011 2072 maiorum,
1048 2033 1188 2061 venae
1216 2031 1346 2075 atque
1373 2030 1490 2062 arte-

216 2081 330 2133 riae,
360 2082 570 2138 'sanguine
591 2086 727 2127 fluido
747 2084 924 2138 repleti.

336 2147 389 2187 V.
463 2164 500 2192 1.
539 2151 727 2196 Exhaufi
746 2163 894 2207 aerem
914 2150 1065 2204 primo
1084 2149 1189 2193 loco
1227 2177 1244 2207 2
1290 2160 1339 2195 vt
1357 2163 1489 2206 quan-

218 2203 336 2253 Tom.
372 2211 452 2255 ΙΙΙ,
924 2214 1004 2260 hh,
1395 2224 1490 2257 tum
