2013 2719
596 175 696 225 ,με
830 216 832 218 ,
1001 169 1529 222 OBSERVATtoNEs

715 275 968 330 Saepissime
988 278 1064 332 ipfi
1087 280 1305 334 integram
1317 282 1476 336 speculi
1499 285 1679 328 maioris
1691 300 1865 341 apertu-

600 354 693 383 ram
715 340 898 382 couceffi
922 357 934 394 3
972 344 1012 384 &
1032 347 1214 399 percepi
1247 348 1364 400 quod
1390 349 1566 389 intimus
1592 350 1708 391 Iouis
1738 354 1865 395 satel-

592 406 655 447 les
673 406 813 460 spatio
851 417 1028 461 quartae
1061 411 1194 462 partis
1216 412 1337 451 vuius
1359 413 1517 452 minuti
1538 415 1672 467 primi
1691 417 1866 459 circiter

594 470 713 523 prius
749 471 925 512 emersit
956 472 1000 512 in
1027 471 1112 514 hoc
1134 473 1381 528 telescopio
1403 489 1530 530 quam
1560 479 1603 519 in
1626 480 1713 522 alio
1742 494 1864 523 com-

593 536 716 574 muni
743 550 797 586 13
823 537 892 576 vel
919 549 970 586 15
1001 537 1163 591 pedum
1186 538 1479 594 longitudine.
1550 541 1679 585 Secus
1708 546 1864 590 accidit

592 598 635 638 in
654 599 1010 640 Immerssouibus
1040 628 1051 650 7
1093 615 1192 655 quas
1221 603 1381 646 scilicet
1418 619 1471 656 15
1505 607 1778 650 minutorum
1800 612 1862 651 se-

594 664 836 704 cundorum
873 665 1014 717 spatio
1046 677 1088 705 et
1119 667 1304 720 amplius
1346 668 1452 710 tubo
1476 669 1561 710 hoc
1604 674 1863 718 reflectente

594 727 799 781 prosequi
836 740 1042 781 poteram
1085 756 1095 778 ‚
1138 743 1235 770 cum
1271 732 1313 771 iu
1334 733 1456 786 supra
1491 742 1864 782 commemoratis

597 805 652 842 13
678 791 748 832 vel
774 805 825 842 15
851 792 1013 846 pedum
1028 792 1280 850 telescopiis
1307 809 1374 839 eas
1394 798 1543 840 videre
1565 813 1654 843 non
1675 804 1862 858 amplius

591 854 757 897 liceret.

710 920 862 961 Simile
885 921 990 961 mihi
1007 925 1335 975 propemodum
1359 928 1505 968 euenit
1522 928 1562 967 iu
1589 929 1859 974 obseruatio-

592 996 645 1023 ne
682 984 891 1036 eclipseos
919 985 1089 1026 secundi
1109 988 1225 1027 Iouis
1260 990 1483 1041 satellitis,
1523 994 1640 1044 quod
1677 997 1860 1037 tertium

589 1059 701 1087 vcro
722 1047 952 1087 satellitem
975 1051 1134 1089 attinet
1158 1051 1608 1105 diffc1·enti-.11nlonge
1639 1058 1857 1097 maiorem

595 1111 734 1151 adesse
768 1111 1055 1152 animaduerti
1079 1140 1089 1161 7
1130 1126 1256 1165 quam
1285 1124 1433 1154 tamen
1456 1115 1510 1154 ob
1530 1119 1757 1168 penuriam
1781 1122 1859 1160 ob-

592 1174 890 1216 seruationum
913 1187 1039 1216 certo
1056 1177 1355 1218 determinare
1375 1176 1453 1219 huc
1468 1190 1597 1234 vsque
1611 1193 1701 1222 non
1722 1182 1859 1227 licuit.

658 1315 784 1354 1729
867 1315 1107 1357 temp.x·er.

627 1368 746 1409 Nov.
770 1368 811 1407 st.
867 1398 898 1421 H,
990 1393 1000 1411 l
1096 1395 1116 1414 ,ι

593 1429 715 1486 Sept.
768 1446 823 1484 24
869 1446 922 1485 15
969 1445 1028 1486 45
1076 1448 1134 1486 33
1233 1432 1854 1495 Immersiotertiitclescopio

1170 1510 1224 1547 13
1268 1500 1428 1550 pedum
1470 1501 1704 1542 obseruata.
1777 1505 1853 1546 Sa-

1164 1560 1285 1600 telles
1305 1561 1374 1602 hic
1395 1575 1495 1604 ante
1513 1566 1852 1611 Immerfionem

1160 1625 1323 1678 aliquot
1359 1628 1522 1669 vicibus
1562 1642 1616 1670 cx
1656 1633 1791 1674 oculis
1810 1636 1850 1675 sc

1159 1687 1446 1741 subduxerat,
1491 1702 1533 1732 et
1592 1695 1752 1736 iterum
1810 1697 1854 1738 se

1155 1752 1511 1805 conspiciendum
1534 1759 1746 1809 praebuit.

592 1813 703 1858 Dec,
790 1825 817 1865 7
859 1827 914 1866 13
993 1829 1011 1856 1
1057 1830 1115 1868 45
1219 1816 1452 1861 Immersio
1483 1823 1616 1874 primi
1644 1823 1749 1864 tubo
1783 1838 1840 1879 13

1155 1881 1328 1932 pedum.

796 1947 816 1983 8
857 1958 912 1996 13
956 1958 1012 1997 41
1089 1949 1118 1985 6
1214 1944 1748 1992 lmmcrliosccuuditubo
1786 1966 1842 2004 13

1159 2008 1254 2059 ped.
1294 2011 1466 2052 coelum
1496 2027 1586 2055 nou
1621 2015 1847 2058 satisfece-

1162 2084 1262 2112 num
1283 2085 1389 2116 erut.

1752 2206 1842 2249 [m-
