2013 2719
915 179 987 240 ἡδέ
1057 185 1102 236 )³(
1144 199 1235 240 242
1276 190 1322 240 )2(
1392 186 1463 248 Q

1141 359 1225 402 DE

542 427 923 493 EFFECTV
965 432 1311 497 CALORIS
1346 440 1511 502 VEL
1549 444 1811 512 FRIGO-

828 534 944 594 RIS
1012 537 1453 605 SVBITANEI

1135 645 1203 688 IN

588 717 1024 764 EXPANSIONEM
1065 725 1180 767 VEL
1226 728 1756 782 CONTRACTIONEM

1014 806 1240 853 VITROR
1248 812 1340 854 VM

815 893 941 954 EX
942 897 1217 961 PERIM
1222 902 1342 962 EN
1348 902 1456 964 TV
1459 909 1537 971 M

864 1000 940 1059 G.
1008 1000 1073 1059 Β.
1139 1004 1494 1091 Biilffingeri.

1151 1170 1188 1197 1.

794 1250 1000 1303 Ulgatum
1040 1255 1096 1295 est
1135 1257 1251 1297 inter
1283 1259 1482 1312 Phyficos
1518 1266 1800 1315 experimcw

300 1279 468 1358 ἕρεῗῐοπ
830 1326 946 1365 tum,
984 1330 1070 1369 quo
1093 1319 1332 1362 ostenditur
1374 1351 1386 1374 ,
1426 1326 1454 1365 si
1482 1327 1634 1367 bullula
1659 1332 1797 1374 Ther-

301 1365 432 1400 ΕΒΗ·
825 1383 1039 1420 mometri
1067 1382 1312 1427 Florentini
1335 1389 1475 1430 vitrea
1510 1394 1800 1448 immergatur

823 1454 954 1496 aquae
973 1446 1183 1497 calidiori,
1204 1451 1353 1501 primo
1372 1455 1545 1496 instanti
1564 1458 1794 1501 descende-

521 1502 635 1542 rein
663 1504 816 1544 tubulo
853 1506 1074 1559 liquorem
1100 1537 1111 1558 ,
1166 1522 1209 1550 et
1230 1513 1434 1567 deinceps
1456 1518 1630 1560 demum
1651 1522 1792 1564 ascen—

522 1566 627 1606 dere
650 1583 657 1607 :
696 1569 800 1608 illud
812 1569 1158 1619 phaenomenon
1185 1586 1238 1615 ex
1257 1579 1374 1617 aue'ta
1392 1581 1493 1619 vitri
1513 1586 1752 1635 capacitate
1776 1619 1787 1641 ‚

522 1628 611 1669 hoc
634 1642 690 1670 ex
707 1631 997 1673 rarefactione
1017 1635 1196 1688 liquoris
1218 1641 1323 1679 oriri
1339 1642 1530 1697 plerique
1553 1660 1707 1691 omnes
1718 1665 1789 1693 au-

518 1701 707 1734 tumant.
776 1696 875 1737 Vid.
895 1696 1080 1739 honoris
1108 1701 1224 1742 causa
1251 1702 1512 1748 Ammonia..-
1540 1712 1579 1751 in
1610 1712 1787 1758 Memo—

517 1757 590 1797 riis
608 1758 744 1799 Acad.
767 1758 928 1801 Scient.
951 1764 1076 1804 Paris.
1099 1766 1150 1805 ad
1171 1768 1223 1808 A.
1253 1780 1392 1819 1700.
1409 1786 1449 1826 p.
1478 1786 1582 1827 153.
1605 1787 1649 1816 et
1669 1780 1784 1823 adA.

523 1831 667 1872 1705.
688 1836 728 1876 p.
758 1837 864 1864 101.
888 1827 992 1867 edit.
1011 1828 1212 1870 Batauae.

640 1900 681 1925 2.
750 1887 1023 1931 conuersum
1052 1895 1211 1945 prioris
1244 1895 1585 1948 phaenomenon
1620 1906 1785 1958 primus

516 1946 710 2000 addidit,
749 1954 864 2004 quod
886 1967 969 2007 ego
988 1956 1115 1997 sciam
1146 1985 1157 2008 ‚
1196 1957 1465 2016 Hwnbeigius
1494 1994 1504 2016 ‚
1542 1970 1613 2021 qui
1648 1973 1784 2013 mersa

517 2010 837 2057 thermometri
874 2019 1015 2071 phiala
1048 2023 1091 2061 in
1123 2022 1332 2075 glacialem
1367 2042 1550 2081 aquam,
1592 2033 1782 2077 aduertit

515 2075 665 2127 primo
693 2075 882 2134 astensum
911 2084 1005 2124 fieri
1039 2085 1302 2129 subitaneum
1339 2119 1349 2141 ‚
1401 2094 1455 2133 ob
1490 2097 1781 2148 capacitatem

515 2138 620 2183 ταῶ
639 2146 930 2201 comprefi'am
958 2176 971 2201 ‚
1013 2149 1168 2195 deinde
1197 2150 1321 2210 defien
1340 2153 1400 2199 itm
1425 2158 1539 2217 sequi
1559 2161 1738 2218 liquoris
1758 2176 1781 2204 a

1704 2224 1778 2270 sti-
