2013 2719
568 210 590 249 3
602 201 633 238 6
640 211 663 238 2
1023 188 1378 249 MEMORIAE

563 301 647 342 this
667 302 708 343 iu
731 316 804 344 cos
823 316 992 359 quoque
1010 307 1243 350 versurum.
1313 312 1508 356 Gelonus
1529 342 1539 366 ,
1580 316 1768 362 Budinus
1789 331 1833 365 et

563 366 823 408 Sauromata
843 371 1173 424 consenserunt,
1213 377 1371 418 auxilia
1390 380 1679 423 submittenda
1706 387 1786 427 ess'c
1822 403 1831 430 ε

560 433 697 471 ceteri
719 434 1047 485 exprobrabant
1073 437 1267 491 Scythis,
1306 442 1391 484 fine
1413 444 1487 484 suis
1509 448 1644 499 copiis
1663 450 1829 502 expila-

558 504 647 534 tam
670 496 814 538 Asiam
836 498 951 539 bello
974 499 1068 541 huic
1092 503 1237 543 iustam
1261 507 1440 548 cauffam
1462 512 1698 561 praebuisse
1721 515 1829 555 :ita-

554 571 635 613 que
655 559 786 614 se7qui
808 562 919 603 nulla
938 565 1092 605 iniuria
1112 566 1394 612 laccss'iueiint
1417 573 1830 626 Pei‘ia57met110mni

555 634 716 664 vacuos
749 627 966 679 quie-scere
1004 630 1208 680 statuisse,
1248 633 1275 672 si
1304 637 1354 675 ad
1378 637 1415 676 se
1434 651 1604 692 quoque
1625 643 1826 684 venerint

554 684 722 739 hostes,
764 690 830 730 sua
854 690 890 730 se
914 692 1160 734 defensuros
1179 696 1256 737 suis
1280 702 1422 741 armis.
1498 704 1593 743 Hoc
1616 706 1824 759 responso

553 763 756 805 accepto,
782 754 969 807 Scythae
1006 760 1164 800 coactis
1186 761 1227 799 in
1253 775 1385 804 vnum
1413 768 1576 819 copiis,
1615 773 1827 823 coniuges

551 814 798 871 liberosque
818 832 914 859 cum
939 823 1138 862 omnibus
1157 825 1424 868 fiicultatibus
1446 832 1670 883 partimin
1697 837 1826 877 castra

551 882 770 934 rccipiunt
792 911 802 933 ‚
841 885 1001 937 partim
1021 887 1165 940 quibus
1188 889 1352 932 alendis
1381 895 1609 937 necessaria
1630 899 1825 941 defutura

549 944 835 996 videbantur,
876 949 1025 990 iubent
1053 951 1421 1004 septemtrionem
1443 960 1570 1000 lento
1589 964 1722 1014 gradu
1748 977 1824 1017 pe·

550 1017 661 1048 tere.
759 1010 1038 1053 Sauromatas
1083 1015 1136 1054 ad
1170 1016 1353 1058 Tanaim
1395 1033 1438 1062 ct
1476 1024 1684 1067 Maeotin
1716 1030 1823 1069 mit-

549 1078 646 1110 tunt
670 1099 681 1121 ‚
722 1074 792 1125 qui
818 1075 957 1115 Perias
980 1079 1313 1119 retrocedentes
1336 1082 1592 1126 inuaderent
1626 1101 1647 1126 a
1677 1098 1821 1140 tergo:

546 1132 751 1176 Gelonos
772 1147 815 1177 et
834 1138 1029 1180 Budinos
1049 1142 1195 1182 iubent
1216 1144 1441 1185 obseruare
1472 1148 1612 1188 Persas
1634 1160 1675 1188 et
1696 1151 1723 1189 ss
1742 1165 1823 1203 qua

548 1198 709 1251 possint
743 1227 755 1249 ‚
796 1202 838 1240 iu
869 1214 1023 1243 eorum
1047 1207 1251 1257 regiones
1274 1207 1504 1257 pellicere,
1542 1212 1612 1262 qui
1634 1212 1819 1252 socicta-

544 1271 636 1301 tem
658 1263 909 1314 Scythicam
949 1267 1297 1308 detrectauerant
1325 1297 1335 1319 ‚
1384 1271 1484 1310 inde
1507 1272 1550 1311 in
1579 1286 1707 1326 agros
1727 1276 1823 1318 suos

542 1325 581 1364 se
602 1327 801 1378 recipere
823 1336 865 1367 et
904 1340 925 1367 e
954 1342 998 1368 rc
1028 1332 1395 1383 capereconfilia.
1466 1335 1549 1388 Ipsi
1570 1337 1820 1383 lectiffimos

547 1391 841 1442 praemittunt
895 1393 947 1432 ad
997 1394 1149 1435 Istrum
1191 1399 1356 1449 equites
1397 1425 1408 1448 ,
1449 1402 1525 1452 qui
1578 1415 1676 1443 cum
1724 1403 1818 1444 Da-

542 1455 623 1494 rius
658 1456 800 1496 tertiis
839 1456 980 1497 castris
1010 1470 1031 1498 a
1053 1458 1231 1499 flumine
1253 1461 1353 1501 essct
1374 1465 1620 1516 progressus
1642 1494 1653 1516 ‚
1693 1469 1818 1510 vuius

543 1518 628 1558 diei
656 1520 815 1559 itinere
839 1532 860 1559 a
880 1520 1010 1561 Persis
1031 1522 1491 1577 CotifistelitCS7pllte()s
1512 1540 1554 1569 et
1578 1530 1723 1571 fontes
1737 1532 1816 1572 ob-

539 1582 786 1623 struxerunt
825 1593 868 1623 et
905 1583 1084 1625 herbam
1122 1598 1363 1641 corrupere
1405 1604 1599 1633 omnem.
1667 1595 1815 1637 Persae

539 1655 687 1685 totum
712 1659 875 1686 nomen
895 1647 1145 1700 Scythicum
1165 1652 1210 1690 in
1231 1655 1482 1708 propinquo
1505 1657 1586 1698 effe
1604 1659 1685 1698 rati
1707 1687 1717 1710 ‚
1757 1673 1814 1702 eo

538 1709 653 1762 figna
674 1709 740 1750 sua
761 1721 940 1751 vertunt
961 1722 1003 1753 et
1034 1713 1172 1753 modo
1197 1716 1502 1769 obequitantes
1528 1748 1539 1771 ,
1581 1723 1720 1763 modo
1740 1738 1812 1766 re-

538 1774 751 1827 cipientes
770 1774 808 1814 se
831 1776 1140 1829 persequuntur
1161 1793 1289 1833 vsque
1314 1783 1363 1822 ad
1384 1784 1409 1823 ’ἶ
1425 1786 1579 1825 anaim.
1623 1788 1689 1828 Eo
1701 1801 1811 1841 quo·

537 1850 617 1891 que
636 1839 887 1888 traiee‘tmm
911 1839 1187 1883 Sauromatas
1207 1855 1248 1884 et
1271 1846 1464 1889 Rudinoss
1482 1849 1813 1894 flcxcruntPer-

538 1902 603 1942 sae
643 1929 653 1951 ‚
709 1913 844 1956 capto
874 1904 915 1944 in
942 1905 1118 1947 Budinis
1145 1909 1315 1950 castello
1338 1912 1489 1964 ligneo
1507 1914 1578 1954 sed
1606 1928 1743 1957 vacuo
1765 1926 1810 1957 et

539 1966 711 2006 deserto
735 1995 745 2016 ‚
783 1969 853 2008 vbi
873 1970 916 2008 in
935 1969 1214 2013 solitudinem
1237 1987 1561 2030 peruenerunt,
1604 1979 1749 2022 stustra
1768 1982 1808 2022 se

534 2030 648 2083 sequi
668 2029 848 2082 Scythas
867 2033 1097 2076 senserunt.
1197 2037 1336 2089 Igitur
1365 2042 1415 2080 ad
1444 2043 1607 2084 Oarum
1630 2043 1809 2086 fluuium

534 2093 693 2135 Darius
725 2097 827 2137 msto
851 2098 1051 2149 ingentia
1078 2100 1258 2153 castella,
1288 2103 1508 2158 sexaginta
1530 2108 1644 2148 inter
1668 2110 1708 2150 se
1729 2110 1806 2150 sta-

536 2158 966 2204 dioruminteruallo
990 2191 1001 2215 ‚
1045 2166 1248 2217 molitus,
1286 2181 1472 2222 quorum
1490 2172 1645 2213 rudera
1662 2174 1806 2214 Hero-

1708 2237 1808 2281 doti
