2013 2719
250 197 456 245 LINEA
477 195 758 243 BREVISS.
803 196 882 240 IN
919 196 1235 242 SVPERFIC.
1315 215 1405 244 111

260 322 302 360 3.
375 306 634 350 Meclianice
657 306 742 347 lioc
766 306 997 360 problema
1009 306 1216 348 facillime
1236 307 1420 350 soluitur

141 385 230 428 ope
249 373 334 425 fili,
372 374 490 427 quod
512 385 592 425 per
611 372 710 413 data
730 372 816 412 duo
837 374 993 426 punita
1016 373 1187 414 ductum
1207 375 1421 426 tenditur,

138 449 348 493 quantum
375 439 472 478 fieri
494 437 669 490 potest,
708 436 794 476 hoc
831 438 950 477 enim
977 437 1097 477 filum
1125 439 1169 477 in
1189 438 1419 493 superficie

138 502 371 558 proposita
415 501 650 555 designabit
687 502 804 541 viam
840 501 1148 542 breuifl'imam.
1233 504 1420 546 Necesse

139 569 198 609 est
218 578 392 619 autem,
427 577 474 608 vt
506 567 592 608 hoc
618 565 741 606 filum
770 565 927 621 vbique
948 566 1227 620 superficiem
1249 577 1420 622 tangat,

136 632 509 688 quemadmodum
562 632 591 673 fi
613 630 863 686 superficies
906 643 1108 672 connexa
1129 631 1179 672 sit
1224 659 1236 683 ,
1275 634 1319 673 in
1355 636 1419 675 su-

139 697 397 751 perficiebus
431 698 606 751 quidem
640 697 844 737 concauis
873 709 965 737 non
996 709 1145 737 arcum
1171 710 1328 738 curuae
1347 700 1421 740 sed

140 762 353 803 chordam
372 762 734 815 repraesentabit.
835 762 932 802 Hoc
960 763 1092 814 igitur
1119 763 1162 801 in
1183 762 1277 802 casu
1297 763 1420 804 filum

139 827 201 868 ita
219 826 430 880 applicari
450 827 577 882 debet
598 826 693 876 ,vel
712 825 981 878 applicatum
1003 827 1203 880 concipi,
1241 837 1289 868 vt
1310 829 1422 869 sem-

142 905 222 947 per
240 889 514 944 superficiem
534 891 577 929 in
600 900 726 943 parte
747 902 949 930 connexa
971 900 1137 943 tangat.

255 971 299 1007 4.
367 955 457 995 Hac
483 967 594 994 vero
623 954 948 995 constructione
968 966 1207 1007 geometra
1229 967 1420 997 conten-

139 1030 204 1061 tus
226 1019 307 1060 effe
328 1031 420 1059 non
442 1019 588 1073 potest
634 1047 644 1071 ,
698 1019 769 1073 qui
790 1028 988 1060 naturam
1010 1019 1130 1060 liuius
1151 1020 1294 1060 lineae
1315 1022 1420 1061 inti-

136 1096 255 1125 mam
283 1083 534 1138 perspicere
565 1084 812 1135 desiderat,
850 1096 1031 1138 eamque
1057 1113 1068 1136 ,
1106 1094 1154 1125 vt
1175 1084 1272 1125 fieri
1293 1085 1421 1138 solet,

136 1150 399 1202 aequatione
431 1161 678 1202 exponere.
782 1149 833 1189 In
861 1148 1116 1189 mechanica
1137 1160 1285 1190 autem
1308 1164 1418 1191 con-

135 1213 370 1255 strufflone
398 1213 513 1254 linea
539 1214 726 1269 quaesita
754 1223 926 1254 tantum
950 1214 1136 1267 aspectui
1158 1217 1420 1268 exponitur,

138 1288 276 1329 neque
298 1291 354 1318 ex
372 1277 460 1317 hoc
485 1289 635 1319 natura
655 1279 744 1318 eius
766 1279 911 1330 potest
931 1279 1131 1332 perspici.
1202 1281 1416 1334 Propter-

141 1350 190 1376 ea
208 1337 277 1377 liic
301 1340 564 1378 methodum
583 1341 672 1378 sum
694 1341 952 1390 traditurus,
991 1355 1071 1393 qua
1098 1356 1182 1393 pro
1216 1345 1420 1385 omnibus

141 1401 466 1454 superficiebus,
488 1401 735 1441 dummodo
757 1404 1084 1456 aequationibus
1106 1406 1416 1460 exprimipos-

140 1465 254 1516 sunt,
292 1465 407 1504 linea
427 1464 667 1504 breuiffima
687 1466 975 1506 determinari
998 1470 1159 1519 potest,

258 1540 299 1578 5.
368 1528 441 1568 Ad
475 1527 560 1567 hoc
582 1529 717 1580 igitur
739 1540 849 1580 opus
886 1529 980 1580 est,
1020 1540 1067 1570 vt
1086 1532 1416 1584 superficierum

137 1601 314 1632 naturae
343 1592 673 1645 aequationibus
700 1592 976 1634 includantur
1005 1609 1017 1645 3
1055 1608 1142 1648 quo
1172 1607 1271 1636 tota
1302 1610 1414 1651 ope-

134 1657 251 1697 ratio
274 1656 492 1709 analytice
515 1656 642 1711 poss'it
663 1656 840 1697 absolui.
913 1658 1070 1700 Solent
1091 1659 1235 1700 lineae
1257 1675 1415 1704 curuae

138 1721 182 1760 in
202 1721 360 1762 eodem
390 1721 524 1775 plano
562 1722 665 1762 sitae
704 1723 897 1776 exprimi
932 1725 1261 1778 aequationibus
1296 1729 1416 1771 inter

139 1785 238 1826 duas
257 1786 560 1839 coordinatus,
599 1800 655 1828 ex
674 1787 821 1842 quibus
841 1789 1039 1843 cuiusque
1061 1791 1209 1843 puncti
1229 1790 1327 1834 situs
1349 1794 1414 1834 se—

140 1850 325 1891 cundum
343 1850 670 1905 longitudinem
693 1863 735 1893 et
756 1852 1037 1894 latitudinem
1062 1854 1283 1895 definitur.
1360 1858 1413 1899 In

136 1914 435 1967 superficiebus
455 1927 601 1958 autem
621 1928 712 1958 tres
730 1918 1072 1959 considerandae
1098 1920 1192 1961 sunt
1221 1921 1414 1973 pofitio-

141 1991 241 2020 num
260 1979 526 2034 relationes,
565 1995 664 2023 cum
685 1983 832 2036 punc‘ti
860 1982 1084 2025 cuiuslibet
1110 1986 1153 2025 in
1182 1984 1412 2039 superficie

137 2041 259 2085 locus
292 2046 521 2088 secundum
548 2058 636 2088 tres
657 2047 952 2088 dimensiones
979 2048 1137 2091 debeat
1158 2049 1241 2090 effe
1263 2051 1411 2094 deter-

140 2109 338 2151 minatus.
412 2112 566 2153 Tribus
591 2113 726 2166 igitur
746 2115 788 2153 in
808 2113 1137 2168 aequationibus
1156 2115 1409 2172 superficie-

139 2183 233 2213 rum
257 2177 323 2218 vti
357 2178 569 2219 conuenit
604 2177 911 2232 variabilibus3
945 2192 1128 2233 quarum
1153 2180 1409 2223 vnalocum

1295 2259 1406 2300 pun-
