2013 2719
571 221 594 260 3
606 210 670 248 66
1029 201 1388 254 MEMORIAE·

565 311 770 365 Scythae.
840 311 913 354 Illi
931 324 1088 355 contra
1107 314 1247 356 Persas
1265 316 1373 358 versi
1395 345 1408 369 ,
1445 316 1688 373 longiffime
1717 324 1840 368 aber-

565 388 728 417 rzirunt.
834 378 949 419 Nam
979 391 1076 419 cum
1098 377 1313 434 plerisque
1334 383 1375 421 in
1403 384 1652 436 regionibus
1690 389 1841 435 herbas

567 450 611 480 et
634 451 790 493 puteos
810 442 1127 496 corrupissent,
1147 455 1188 484 ct
1210 445 1348 487 Pers-,is
1370 450 1601 491 crederent
1621 451 1839 499 secuturos

567 504 669 544 loca
683 505 796 546 nulla
820 506 893 547 tali
915 508 1036 548 clade
1057 507 1258 560 foedata,
1300 511 1459 552 eodem
1478 513 1555 566 ipsi
1578 515 1616 556 se
1639 520 1839 561 contule-

565 580 682 610 runt.
751 572 811 611 At
835 570 978 611 Persae
997 573 1137 624 priori
1154 574 1223 614 via
1242 587 1321 627 qua
1343 588 1555 619 venerant
1597 607 1608 630 ‚
1656 585 1839 626 recesse-

565 643 736 683 runt‚vt
770 647 894 687 quam
916 635 1148 676 celerrime
1189 649 1377 690 pontem
1409 651 1632 684 tenerent.
1670 646 1754 687 Vbi
1774 649 1839 691 in.

566 697 780 750 tempesta
822 700 951 740 noste
992 700 1043 741 ad
1078 700 1230 741 lstrum
1269 706 1679 760 appropinquarunt
1705 738 1716 761 ,
1770 712 1839 754 so-

562 759 677 801 lutae
698 763 738 802 in
760 762 927 804 boreali
945 765 1040 816 ripa
1064 776 1177 806 rates
1198 767 1426 818 ingentem
1460 783 1627 812 metum
1649 788 1836 830 pepere-

560 835 688 875 runt‚
729 825 869 867 donec
890 828 1094 869 Histiaeus
1119 842 1273 871 omnes
1294 844 1420 873 naues
1440 835 1638 877 admouit
1659 849 1702 880 et
1721 854 1838 894 pon-

563 898 656 929 tem
678 891 941 932 restam-anit.
1012 893 1157 934 Persae
1179 895 1220 935 in
1241 894 1351 937 hunc
1371 898 1555 940 modum
1578 904 1801 946 euaserunt
1825 933 1836 957 ,

562 964 605 994 et
628 953 815 1007 Scythae
834 955 1030 997 Graecos
1049 957 1179 998 saeuis
1200 959 1451 1002 adfecerunt
1471 966 1695 1018 comitiis,
1728 969 1841 1013 haud

562 1017 836 1070 aliterqnam
867 1018 950 1059 fida
977 1020 1021 1058 in
1058 1020 1264 1061 dominos
1300 1027 1519 1077 mancipia
1551 1031 1837 1080 appellantes.

557 1081 649 1121 Hae
672 1082 801 1121 resin
824 1083 877 1122 A.
900 1083 940 1123 P.
963 1082 996 1122 Ι.
1022 1097 1166 1135 4199.
1189 1084 1407 1135 incidunt,
1448 1099 1546 1128 cum
1565 1093 1713 1141 paullo
1735 1106 1836 1135 ante

560 1144 761 1197 Babylon
782 1144 885 1186 ess'et
906 1156 1033 1198 capta
1076 1174 1088 1197 ‚
1145 1156 1214 1187 aut
1236 1149 1277 1187 in
1298 1150 1350 1188 A.
1372 1150 1411 1188 P.
1432 1149 1466 1189 Ι.
1489 1165 1636 1200 4200·
1664 1157 1841 1198 tametst

561 1220 653 1247 non
688 1209 747 1248 ita
775 1209 904 1248 certis
938 1209 1206 1262 argumentis
1233 1219 1406 1263 tempus
1444 1221 1674 1269 tenemus,
1709 1229 1838 1271 quam

559 1273 824 1317 coniectura.

679 1336 789 1375 Hinc
812 1334 1019 1388 cognosci
1041 1334 1187 1390 potest
1214 1365 1225 1388 ,
1264 1349 1368 1391 quae
1394 1339 1509 1381 ratio
1537 1340 1638 1384 belli
1656 1348 1839 1398 gerendi

560 1397 689 1439 fuerit
720 1400 832 1452 apud
855 1399 1035 1452 Scythas
1081 1428 1092 1450 ,
1143 1414 1239 1442 cum
1279 1404 1497 1444 maiorem
1532 1407 1621 1447 vim
1650 1409 1841 1454 hostium

561 1462 805 1506 sentirent:
845 1476 983 1517 neque
1007 1465 1116 1505 adeo
1138 1465 1252 1506 feros
1276 1467 1480 1508 exstitisse
1525 1498 1534 1521 ,
1580 1482 1628 1512 vt
1657 1486 1746 1514 non
1770 1477 1836 1517 in-

560 1528 697 1578 genio
725 1539 952 1568 vterentur
970 1539 1094 1581 atque
1116 1531 1362 1582 prudentia.
1466 1534 1571 1573 Erat
1601 1535 1704 1578 haec
1727 1553 1834 1582 con-

555 1591 736 1632 suetudo
758 1592 799 1630 in
821 1591 961 1640 bello,
1001 1594 1015 1642 (
1043 1606 1060 1631 1
1085 1596 1099 1643 )
1174 1606 1302 1646 quem
1333 1593 1501 1636 hostem
1532 1596 1693 1651 Scyth-,1
1719 1616 1828 1657 pro-

558 1655 788 1704 strauerat,
832 1656 920 1696 eius
939 1665 987 1695 vt
1011 1666 1189 1707 potaret
1209 1657 1458 1709 ssmguinem
1486 1688 1496 1711 ‚
1534 1674 1664 1716 caput
1693 1668 1831 1710 adre-

558 1730 661 1770 gcm
686 1718 915 1771 perferret.
995 1719 1036 1760 Si
1067 1720 1157 1774 quis
1180 1720 1299 1761 nullo
1321 1724 1465 1775 capite
1489 1729 1713 1778 potiretur
1752 1760 1763 1784 ⁷
1802 1735 1835 1777 is

560 1781 868 1824 excludebatur
888 1795 908 1823 a
930 1784 1111 1836 praeda,
1153 1786 1290 1825 ceteri
1311 1788 1379 1840 qui
1401 1789 1612 1840 cepissent
1658 1823 1669 1845 ‚
1708 1806 1833 1840 tene-

558 1846 765 1902 bantzqui
784 1860 910 1900 quam
932 1847 1118 1902 plurima
1136 1848 1362 1902 retulisset,
1400 1851 1521 1894 illum
1552 1869 1661 1898 vero
1688 1863 1833 1905 virum

560 1910 852 1952 celebrabant.
924 1913 1074 1955 tlostili
1093 1913 1226 1966 capiti
1244 1925 1388 1956 cutem
1404 1916 1689 1964 detrahebant
1712 1939 1831 1968 earn·

556 1987 638 2028 que
659 1988 787 2017 carne
817 1987 839 2016 e
864 1976 989 2018 bouis
1027 1977 1165 2019 latere
1194 1981 1360 2020 recenti
1380 1992 1644 2027 maceratam
1667 1992 1832 2034 tamdiu

559 2038 805 2093 subigebant
834 2068 846 2092 ‚
890 2041 1032 2083 donec
1053 2041 1344 2086 mollesceret.
1415 2047 1478 2091 Ea
1504 2060 1620 2103 cute,
1642 2063 1689 2095 vt
1709 2067 1832 2097 man·

1763 2119 1830 2162 tili
