2013 2719
620 165 1010 218 CASANENSE.
1398 183 1495 226 179

205 279 421 324 ficultates
440 278 621 321 credere
639 306 651 331 ,
691 277 782 320 dari
802 287 974 320 certum
995 285 1175 334 tempus
1204 275 1303 332 post
1324 289 1494 324 conce—

203 359 332 403 ptum
375 374 387 398 ,
432 345 475 384 in
492 357 578 400 quo
603 356 694 387 non
712 345 848 385 totius
865 344 1100 397 corporis,
1137 355 1293 385 verum
1328 343 1488 385 dunta-

204 421 281 453 xat
303 410 493 464 partium
511 409 778 464 quarundam
798 408 1086 450 architectura
1107 408 1319 449 inchoata
1347 409 1418 460 est,
1440 407 1494 448 il-

204 476 362 528 ludque
398 483 570 528 tempus
593 473 708 524 effe,
745 473 790 513 in
827 485 914 526 quo
943 472 1028 513 duo
1059 472 1213 514 foetus
1244 471 1385 514 adhuc
1409 473 1496 514 im·

207 539 390 595 perfecti
423 551 470 580 ac
501 537 850 580 semi-elaborati
875 537 1006 579 variis
1037 537 1187 578 modis
1208 537 1402 578 inuicem
1428 537 1498 577 in-

206 611 527 656 corporantur,
565 614 801 657 antequam
819 612 976 657 caput‚
1019 603 1168 656 pectus
1192 612 1236 642 et
1273 601 1498 643 abdomen

206 668 392 709 clausum
410 667 459 708 sit
482 680 490 706 ε
527 668 644 711 Nam
664 667 732 708 sub
753 667 832 709 isto
855 677 1065 721 tempore
1084 668 1296 708 cauit-ates
1321 677 1493 719 corpo-

205 734 262 775 ris
292 733 419 774 instar
448 731 629 786 scaphae
650 731 723 774 vel
752 731 939 774 aedificii
959 732 1046 781 fine
1066 733 1187 774 testo
1210 729 1497 785 conspiciun-

209 807 310 840 tur:
356 795 532 837 Viscera
563 796 669 838 foris
697 796 886 851 pendula
912 808 958 836 ac
980 795 1191 837 informia
1210 795 1302 836 sunt
1327 823 1340 846 ‚
1383 807 1498 836 non-

209 864 311 904 dum
330 861 559 913 compacta
578 889 590 912 ‚
629 873 871 915 eorumque
902 860 1082 901 stamina
1112 861 1157 900 in
1186 859 1324 900 fluido
1358 871 1380 898 a
1408 870 1499 912 quo

207 927 286 969 vix
307 923 536 973 differunt,
569 925 697 966 instar
718 924 899 965 nebulae
920 923 1057 964 adhuc
1083 924 1321 972 oberrant,
1350 922 1499 976 inquo

211 999 454 1046 propterea
477 989 584 1029 statu
603 988 717 1030 haud
740 987 915 1029 difficile
940 988 999 1028 est
1045 1017 1056 1040 ‚
1093 997 1141 1029 vt
1166 988 1209 1028 in
1237 988 1500 1040 generatio-

209 1056 274 1096 nis
302 1053 490 1106 negotio
523 1053 718 1107 praefata
748 1054 929 1095 stamina
965 1052 1354 1101 semi-elaborata,
1396 1063 1496 1092 cum

209 1118 301 1160 aliis
321 1118 536 1170 affinibus,
556 1118 647 1168 (vel
667 1131 745 1172 per
769 1118 927 1159 nudam
956 1117 1297 1159 inclinationem
1316 1114 1391 1156 vel
1412 1128 1495 1169 per

210 1182 396 1224 modum
416 1183 547 1223 alium
569 1195 702 1237 aeque
733 1183 1035 1234 obscurum)in
1056 1193 1235 1223 mutuos
1258 1192 1397 1221 nexus
1417 1192 1496 1221 ve-

211 1247 359 1295 niant,
400 1248 629 1287 communi
648 1249 741 1288 vita
763 1248 1004 1300 gaudeant,
1028 1246 1280 1288 adolescant
1301 1273 1311 1296 ,
1350 1258 1397 1285 ac
1420 1245 1495 1285 de-

213 1308 342 1360 nique
369 1307 566 1348 absoluto
593 1311 894 1361 generationis
924 1322 1064 1361 opere
1093 1309 1400 1351 communibus
1428 1310 1495 1349 in-¹

216 1371 487 1424 tegumentis
507 1371 927 1413 circumuestiantur.

334 1433 458 1474 Hisce
488 1434 725 1486 praemiffis
754 1462 764 1484 ‚
805 1435 856 1474 ad
894 1436 1244 1488 descriptionem
1266 1432 1496 1476 anatomi-

215 1508 310 1537 cam
332 1491 516 1550 Momm·
535 1496 810 1550 monocephalo
857 1496 1086 1551 bicorporei
1117 1512 1229 1539 nunc
1250 1500 1495 1541 deuenien-

182 1573 195 1584 ‘
214 1561 317 1601 dum
337 1559 418 1609 est,
460 1560 717 1612 incipiendo
739 1561 788 1600 ab
810 1562 859 1601 iis
879 1561 1235 1602 deformitatibus
1261 1575 1368 1616 quae
1391 1573 1496 1603 ante

218 1623 519 1666 diffeffionem
539 1625 584 1664 in
604 1625 888 1679 conspectum
906 1628 1104 1668 veniunt.
1143 1625 1235 1668 Hae
1265 1627 1359 1667 sunt
1379 1626 1492 1681 seqq0

339 1702 379 1729 1.
447 1689 618 1741 Capitis
647 1690 803 1731 duabus
830 1691 1069 1732 ceruicibus
1090 1690 1315 1732 insidentis
1335 1692 1494 1733 vnitas.

344 1766 383 1792 2.
452 1753 608 1795 Vultus
636 1756 792 1796 nonin
811 1755 1042 1809 directum,
1080 1755 1150 1797 sed
1170 1755 1316 1797 versus
1335 1755 1492 1797 hume÷

218 1829 293 1858 ros
314 1817 592 1871 prospiciens.

342 1897 381 1934 3.
423 1883 669 1941 Quaternae
708 1883 924 1925 auriculae
980 1912 991 1935 ,
1034 1884 1141 1925 duae
1162 1897 1325 1939 nempe
1347 1884 1390 1924 in
1412 1883 1493 1925 situ

222 1946 476 1999 ordinario,
513 1950 793 2003 totidemque
824 1949 1039 2004 posterius
1067 1949 1111 1989 in
1143 1950 1379 2003 occipite,
1421 1945 1494 1990 secl

221 2021 374 2052 mutuo
396 2012 580 2055 coalitac
602 2024 646 2055 et
668 2015 1105 2068 coecae7vicemque
1124 2012 1242 2054 forte
1266 2022 1492 2055 meatuum

221 2077 538 2119 auditoriorum
566 2079 651 2120 duo
680 2079 898 2120 foramina
925 2088 1108 2132 gerunt,
1150 2078 1355 2132 praefatis
1376 2076 1489 2120 auria

223 2140 322 2182 culis
342 2144 512 2197 posticis
530 2143 712 2189 subiecta
735 2171 746 2196 ‚
787 2157 895 2199 quae
917 2145 960 2185 in
982 2145 1134 2200 palato
1156 2143 1372 2186 desinunt.
1438 2201 1459 2246 I

800 2211 884 2254 Aa
933 2222 956 2264 3
1464 2214 1490 2246 n
