2013 2719
584 189 680 230 370
1032 178 1390 232 MEMORIAE

581 284 771 337 pedibus,
787 284 857 339 qui
880 287 1186 333 immolaturus
1206 305 1344 346 erat‚a
1365 306 1495 352 tergo
1519 309 1835 350 extremumfii-

584 360 682 388 nem
705 359 1040 405 tenens‚equum
1054 355 1265 399 seuouem
1286 361 1330 400 in
1351 361 1459 405 latus
1473 367 1748 411 coniiciebat.
1769 374 1846 415 Af-

580 412 662 452 susa
683 415 1019 469 extisaqua‚offa
1033 419 1311 466 subiiciebant
1336 437 1379 467 et
1402 429 1691 474 incendebant
1714 437 1850 483 veluti

574 475 703 528 ligna.
776 478 817 519 Si
838 479 953 522 lebes
974 495 1065 524 non
1088 486 1245 529 adesset
1273 517 1284 541 ,
1331 489 1416 532 hoc
1444 499 1758 548 compendium
1778 515 1845 543 re-

571 553 780 591 pei-erunt
801 571 812 594 ‚
854 555 901 585 vt
923 559 1099 589 carnem
1119 551 1162 591 in
1184 551 1326 594 aluum
1340 561 1515 609 pecoris
1535 573 1762 616 purgatam
1777 579 1844 606 re-

568 618 790 657 ponerent
810 621 913 662 aqua
936 611 1114 654 admista
1140 644 1152 667 ‚
1190 627 1233 658 et
1260 620 1384 673 super
1414 623 1564 666 ostibus
1586 640 1843 681 coquerent.

568 669 706 712 Cocta
736 684 865 713 carne
895 676 1100 726 proficias
1129 690 1230 721 ante
1256 683 1296 723 se
1316 688 1586 738 porriciebat
1624 719 1634 743 ‚
1673 694 1741 746 qui
1764 696 1845 735 im-

565 734 825 777 molauerat.
894 737 1029 781 Marti
1051 754 1160 783 vero
1179 742 1360 795 ἑκάςοισι
1377 750 1455 791 τῶν
1472 748 1844 811 α’(ςχηῖωνβηςιιίὶς

563 796 779 840 ditionibus
798 813 895 841 mos
916 801 994 844 fuit
1013 812 1244 859 quotannis
1264 812 1376 855 litera
1395 815 1535 858 facere
1558 819 1599 859 in
1620 819 1842 864 huncmo-

564 861 679 902 dum.
783 864 1119 911 Sarmentorum
1148 873 1274 915 fasces
1293 882 1593 933 congerebant
1613 884 1717 926 loco
1739 901 1841 940 qua-

561 925 714 978 drato,
754 928 895 982 longo
915 930 1094 987 latoque
1115 938 1199 978 tria
1219 940 1359 983 stadia.
1428 946 1841 993 Triahuiuscetem-

558 989 623 1043 pli
645 990 782 1032 latera
803 1006 1037 1049 praerupta
1061 1010 1186 1040 erant
1202 1029 1213 1051 ‚
1255 1018 1387 1046 vnum
1410 1010 1594 1062 accliue,
1632 1024 1679 1054 vt
1694 1016 1838 1057 ascen-

559 1054 601 1092 di
624 1056 766 1106 poss'et
795 1084 807 1107 ,
844 1057 1090 1110 superficies
1129 1077 1217 1104 non
1249 1067 1310 1106 ita
1339 1069 1425 1109 alta
1463 1098 1474 1121 ‚
1512 1082 1554 1110 at
1592 1078 1836 1127 aequabilis.

555 1117 748 1160 Centum
772 1131 815 1160 et
834 1123 1143 1176 quinquaginta
1161 1127 1343 1180 plaustra
1361 1135 1593 1184 quotannis
1615 1150 1729 1177 noua
1755 1140 1838 1179 sar-

554 1193 703 1223 menta
725 1195 778 1222 eo
803 1186 1119 1239 conferebant,
1157 1193 1436 1243 quodvetera
1459 1208 1480 1232 a
1502 1200 1837 1247 putredinesub-

554 1244 757 1286 fiderent.
781 1247 859 1286 Illa
873 1249 995 1301 super
1008 1251 1116 1290 strue
1138 1254 1330 1294 acinaces
1342 1255 1667 1307 ferrei,vcteres
1687 1271 1835 1306 tamen

550 1321 734 1360 quorum
760 1323 851 1350 non
882 1322 974 1352 crat
995 1313 1038 1352 in
1057 1313 1175 1355 bello
1198 1317 1304 1367 vius,
1321 1319 1632 1374 defige-bantur.
1656 1327 1833 1369 Hostiae

549 1372 707 1413 Martis
729 1376 825 1427 equi
846 1385 889 1415 et
913 1389 1016 1417 oues
1036 1377 1204 1431 plures,
1245 1396 1372 1436 quam
1390 1389 1546 1428 ceteris
1558 1389 1729 1431 diis.Ex
1748 1390 1832 1433 ho-

548 1436 670 1478 stibus
690 1440 873 1490 captiuis
888 1442 1171 1484 centefimum
1186 1459 1399 1501 quemque
1420 1451 1726 1494 immolabant.
1742 1456 1831 1497 Pri·

547 1513 666 1541 mum
706 1503 748 1542 in
801 1505 944 1556 capita
971 1506 1120 1545 vinum
1144 1508 1378 1551 fundebant
1418 1541 1428 1562 ‚
1470 1526 1562 1555 tum
1591 1519 1831 1562 caedebant

545 1563 754 1606 homiues
791 1567 915 1619 super
952 1580 1122 1608 cratere
1156 1599 1166 1621 ,
1208 1573 1540 1631 languinemque
1588 1593 1828 1635 exceptum

545 1630 658 1668 circa
687 1631 880 1670 acinaces
900 1630 1152 1675 fundebant.
1255 1638 1361 1677 iude
1388 1640 1595 1684 humeros
1615 1646 1826 1690 dexteros

546 1705 643 1732 cum
682 1695 876 1734 manibus
916 1697 1130 1747 praecisos
1166 1700 1378 1742 iacf'rabant
1409 1717 1508 1746 ante
1538 1708 1575 1746 se
1596 1710 1638 1749 in
1661 1723 1823 1753 aerem:

543 1769 630 1809 quo
655 1758 905 1798 ceciderant
931 1759 1035 1799 loco
1058 1761 1223 1804 relicti:
1250 1765 1491 1818 'separatim
1514 1782 1687 1814 truncus
1705 1776 1821 1816 iace·

542 1819 626 1860 bat.
694 1822 864 1862 Harioli
884 1836 1055 1876 quoque
1077 1827 1283 1878 permulti
1304 1844 1357 1869 eo
1378 1833 1420 1872 in
1442 1837 1612 1887 populo
1633 1840 1821 1893 fuerunt,

540 1886 608 1931 (2)
643 1885 711 1936 qui
741 1898 762 1924 e
792 1888 922 1939 virgis
958 1888 1124 1941 salignis
1151 1894 1329 1944 grandes·
1362 1897 1487 1938 iasces
1508 1899 1625 1941 humi
1650 1904 1819 1955 positos

542 1948 827 1990 diffluebant
865 1962 907 1990 et
929 1952 986 1992 ita
1008 1964 1054 1993 vt
1074 1952 1162 1995 fors
1183 1956 1343 1998 tulerat
1366 1961 1553 2004 iacentes
1570 1967 1819 2010 confidera-

538 2011 640 2052 bant
661 2028 670 2053 ε
708 2015 870 2054 rursum
889 2016 1213 2060 conuoluebant
1232 2023 1273 2062 in
1295 2022 1419 2065 fasces
1440 2054 1453 2077 7
1494 2028 1655 2071 iterum
1682 2044 1815 2074 excu-

1729 2107 1813 2137 tle·

529 2199 1798 2225 Ἣ

612 2235 659 2276 (2)
702 2238 898 2277 1.1v.c.67‚
