2013 2719
271 191 801 246 OBSERVATIONES
836 188 1269 239 ANAmMrcAE
1339 204 1431 244 275
1485 170 1489 175 ‘

157 317 281 358 erat,
318 306 583 359 sensibusque
618 303 885 358 praeprimis
920 303 1109 344 internis
1136 313 1228 342 non
1257 301 1370 342 adeo
1392 311 1440 339 ac

158 374 232 414 alii
265 371 406 413 solent
444 369 656 424 pollebat.

772 431 830 473 11.

310 512 439 555 Alter
464 525 466 527 ·
507 512 618 553 casus
683 510 863 553 exhibet
930 512 1128 551 cranium
1184 512 1299 553 carie
1354 521 1438 551 no-

162 577 358 620 tabiliter
408 576 579 618 exesum
638 589 694 617 eo
747 577 791 616 in
845 576 952 617 loco
992 604 1003 628 ,
1037 575 1109 615 vbi
1161 576 1207 615 in
1262 574 1441 615 infanti-

160 644 235 684 bus
269 642 510 683 fontanella
545 640 856 694 conspicienda
893 641 950 681 est
996 640 1047 680 ad
1082 639 1252 680 laeuam
1292 639 1442 693 paulu-

164 707 255 748 lum
285 716 503 758 vergente
531 705 753 747 foramine
781 704 957 745 thalero
984 705 1148 746 maiori
1177 731 1188 754 ,
1231 717 1310 757 per
1329 702 1449 758 quod

166 771 354 813 materia
372 769 551 823 fungosa
573 771 702 812 durae
722 770 853 811 matri
865 769 1020 811 adnata
1043 769 1302 822 erumpebat
1323 769 1448 810 etin-

167 844 424 889 tegumenta
443 835 489 874 in
516 848 723 887 magnum
741 834 840 875 satis
861 842 1088 875 tumorem
1109 832 1321 874 eleuabat.
1350 833 1448 875 No-

168 901 264 942 bilis
304 898 496 940 foemina
525 911 616 937 non
644 899 771 938 aliam
800 896 922 937 huius
942 897 1048 937 mali
1073 899 1238 938 causam
1259 897 1450 950 allegare

167 974 350 1020 poterat
370 973 548 1017 praeter
571 962 703 1003 idtum
748 990 759 1013 ,
804 973 934 1017 quem
956 973 978 1001 a
996 961 1132 1002 tribus
1154 961 1309 1002 abhinc
1329 962 1452 1002 annis

168 1037 399 1080 acceperat
420 1054 431 1076 ,
474 1039 495 1067 a
513 1039 599 1080 quo
623 1036 774 1067 tamen
797 1053 808 1077 ,
851 1025 879 1066 si
899 1024 1108 1066 relationi
1129 1027 1215 1067 eius
1228 1025 1360 1066 fidem
1377 1026 1450 1071 ad-

162 1090 314 1132 hibere
336 1091 465 1141 licet,
506 1091 578 1132 vel
598 1090 763 1132 nullum
785 1089 858 1131 vel
876 1090 1021 1131 leuem
1044 1091 1219 1144 prorsus
1242 1092 1451 1131 dolorem

166 1156 370 1209 percepit
390 1184 401 1207 ,
437 1157 509 1210 qui
533 1156 645 1197 haud
665 1156 735 1197 diu
754 1155 934 1196 substitit
981 1184 992 1208 7
1039 1156 1111 1196 sed
1129 1156 1250 1196 breui
1274 1155 1450 1197 euanuit

168 1232 309 1272 neque
330 1220 480 1272 postea
499 1221 630 1261 rediit
653 1248 663 1270 ⁷
705 1233 837 1274 quem
856 1229 1006 1261 tamen
1037 1221 1276 1274 perieranii
1308 1232 1450 1260 mem-

168 1282 327 1323 branae
348 1282 476 1322 valde
497 1284 697 1324 sensibilis
720 1284 865 1324 erofio
887 1285 1085 1324 excitare
1104 1286 1256 1337 vtique
1285 1284 1455 1325 debuis-

176 1345 256 1386 set.
330 1344 518 1387 Materia
538 1346 717 1399 fungosa
738 1347 898 1386 dierum
919 1345 1120 1386 foramen
1142 1349 1254 1387 adeo
1278 1348 1454 1387 obtura-

172 1409 260 1460 vit,
298 1419 345 1450 vt
365 1409 546 1450 diss'ee‘tis
565 1409 667 1450 licet
689 1410 1006 1462 integumentis
1025 1421 1069 1450 et
1089 1421 1215 1464 parte
1228 1411 1349 1453 huius
1363 1423 1454 1452 ma-

178 1473 320 1513 teriae
356 1473 549 1514 seetione
571 1473 709 1513 ablata
735 1473 856 1514 locus
884 1486 974 1513 non
1003 1475 1179 1515 daretur
1208 1486 1251 1516 et
1271 1477 1455 1529 spatium

174 1536 383 1578 humores
402 1537 471 1577 sub
493 1539 645 1578 cranio
673 1536 863 1577 latentes
890 1536 1221 1592 stagnantesque
1244 1552 1455 1582 euacuan-

176 1601 243 1651 di,
285 1609 327 1642 et
350 1600 512 1642 malum
530 1601 736 1642 radicitus
759 1602 1005 1655 auferendi,
1044 1604 1160 1644 vnde
1182 1603 1339 1645 factum
1360 1634 1370 1656 ,
1408 1614 1456 1647 vt

182 1665 308 1705 omni
326 1665 461 1706 etiam
483 1678 504 1705 a
524 1665 709 1707 Medicis
739 1677 782 1707 et
813 1666 1043 1720 Chirurgis
1072 1667 1260 1709 adhibita
1291 1680 1391 1710 cura
1413 1679 1457 1711 et

184 1741 321 1781 opera
340 1730 514 1772 Nobilis
530 1730 605 1771 illa
635 1730 846 1772 Matrona
874 1732 971 1787 post
995 1734 1234 1776 continuos
1260 1736 1457 1777 vomitus

181 1793 369 1836 multum
387 1794 608 1838 debilitata
626 1796 875 1851 exspirauit.

772 1877 854 1919 111.

339 1959 409 2003 De
451 1962 683 2005 laxatione
717 1960 812 2004 offis
858 1961 1040 2005 femoris
1104 1965 1280 2017 gemina
1323 1979 1459 2019 pauca

183 2023 392 2078 quaedam
446 2027 684 2081 adiiciam,
755 2041 862 2083 quae
920 2027 1034 2070 haud
1072 2029 1132 2070 ita
1186 2031 1360 2084 pridem
1413 2031 1458 2071 in

183 2087 376 2130 Theatro
415 2092 564 2132 nostro
618 2094 895 2135 Anatomico
959 2093 1184 2136 obseruata
1222 2094 1301 2136 fuit
1338 2124 1350 2148 ‚
1397 2095 1457 2136 al·

187 2160 280 2197 tera
336 2153 424 2201 fine
482 2155 665 2203 frastura
719 2158 826 2202 colli
881 2185 893 2209 ,
976 2158 1115 2202 altera
1173 2172 1284 2204 vero
1357 2172 1455 2199 cum

864 2223 948 2268 Nn
987 2238 1012 2277 3
1385 2235 1456 2267 ea-
