2013 2719
341 635 535 679 Fig.7.12.3.

338 938 404 976 fig.
415 948 463 981 ¹4·

321 1535 454 1574 Fig.15.

585 211 638 268 ἂς
653 229 676 257 2
1039 215 1125 263 DE
1163 220 1386 271 RADHS

563 321 726 375 staceae
760 330 933 365 naturae
959 327 1074 369 intus
1108 330 1328 374 inuestitus
1362 345 1465 376 crat.
1570 340 1639 382 An
1668 340 1773 383 haec
1806 343 1844 386 ei

575 398 732 427 coorta
762 399 804 428 ct
827 401 1015 436 chnata
1039 389 1054 431 ἓ
1092 394 1157 437 Ita
1176 397 1270 438 sanc
1296 399 1346 440 de
1366 400 1642 443 Belemnitae
1663 410 1841 449 maximi

573 450 875 504 oxyrrhynchi
896 454 1093 498 calicibus
1115 462 1445 505 membranacea
1465 467 1646 519 qimdam
1663 471 1839 512 testain-

567 522 692 554 teine
716 517 905 560 obductis
923 519 1054 563 sentit
1070 524 1546 585 EdLm'dl'usIchnogr.
1559 532 1691 586 Epist.
1705 533 1780 575 IV.
1796 550 1837 591 p.

570 589 588 615 1
605 584 677 619 16.
699 580 794 622 Obs.
820 598 862 634 3.

679 660 721 695 9.
794 646 935 689 Multa
971 649 1247 695 alueolorum
1269 657 1505 709 specimina
1530 660 1700 711 inueni,
1742 663 1838 704 iufi-

561 707 709 757 gniter
728 713 972 764 compressa
994 726 1037 755 et
1062 717 1264 768 distorta,
1290 723 1500 773 quaedam
1523 736 1650 766 extra
1670 728 1836 769 radium

562 770 701 824 suum,
740 777 948 828 quaedam
971 779 1082 820 intra
1107 794 1203 821 eum
1227 783 1362 824 adhuc
1383 788 1639 839 recondita,
1683 791 1725 830 in
1748 805 1832 845 quo

560 837 800 887 posteriori
819 841 908 881 casu
930 844 1053 884 radio
1077 846 1209 886 etiam
1230 848 1299 887 vei
1321 850 1493 902 patellis
1521 864 1618 893 eum
1642 867 1832 909 compo-

562 902 760 942 nentibus
789 905 941 945 eadem
968 907 1057 948 sors
1089 910 1262 963 obtigit.
1370 915 1595 968 Singulare
1617 917 1736 958 huius
1760 933 1834 961 ex-

558 964 753 1016 emplum
777 969 942 1018 prostat
970 971 1013 1010 in
1043 972 1279 1023 specimine
1302 977 1371 1029 fig.
1400 994 1472 1031 14.
1495 981 1723 1034 exhibito,
1760 985 1831 1024 vbi

557 1025 748 1068 alueolus
766 1029 902 1080 (aabh)
924 1043 978 1072 ex
996 1037 1131 1074 tereti
1150 1037 1215 1075 sua
1236 1038 1372 1089 figura
1394 1043 1435 1080 in
1452 1044 1624 1083 oualem
1639 1049 1834 1088 red-aecus

554 1087 739 1140 figuram
762 1094 974 1145 exprimit
994 1095 1196 1148 ellipseos
1241 1126 1252 1150 ,
1299 1102 1414 1142 cuius
1442 1104 1594 1142 ambae
1625 1107 1831 1148 diametri

552 1151 770 1207 longioris
790 1159 1096 1198 extremitates
1114 1171 1263 1202 acutae
1279 1163 1386 1203 sunt.

676 1232 749 1259 10.
817 1221 1015 1272 Oportet
1034 1223 1167 1273 igitur
1205 1251 1216 1274 ‚
1257 1235 1305 1265 vt
1324 1226 1387 1265 illi
1407 1226 1553 1267 alueoli
1573 1228 1681 1268 olim
1705 1239 1829 1271 tanta

551 1278 774 1321 soliditate
797 1281 908 1322 haud
929 1284 1058 1334 ganisi
1079 1284 1185 1334 sint,
1224 1289 1338 1338 quali
1359 1289 1400 1327 in
1423 1289 1641 1340 praesenti
1681 1317 1692 1340 ,
1734 1293 1829 1333 imo

553 1352 765 1394 apparet,
803 1357 924 1385 canos
944 1346 1050 1386 olim
1075 1349 1278 1389 extitisse.
1346 1350 1395 1392 Id
1414 1352 1520 1392 mihi
1539 1354 1688 1394 videre
1717 1356 1828 1396 visus

551 1405 639 1446 sum
661 1408 703 1447 in
727 1408 962 1461 specimine
982 1411 1134 1452 citato.
1204 1413 1339 1455 Linea
1359 1415 1475 1456 enim
1496 1418 1704 1470 quaedam
1729 1419 1824 1460 elli-

549 1471 668 1522 ptica
689 1499 699 1521 ‚
738 1474 907 1514 diuerso
929 1488 950 1515 a
971 1474 1139 1528 reliquo
1160 1475 1304 1529 lapide
1324 1479 1479 1520 colore
1502 1483 1728 1534 praedita,
1767 1487 1824 1535 (c)

545 1535 695 1576 locum
719 1536 840 1577 huius
867 1538 1065 1578 cauitatis
1099 1539 1291 1580 indicare
1317 1543 1506 1583 videtur.
1609 1544 1821 1590 Distinc‘te

545 1598 632 1638 hoc
652 1601 845 1640 cernitur
863 1600 906 1640 in
925 1600 1013 1640 alio
1040 1601 1278 1653 specimine
1324 1630 1335 1654 ‚
1390 1606 1462 1646 vbi
1491 1604 1669 1648 alueolus
1699 1614 1821 1665 (ΑΑ)

543 1662 667 1703 alium
689 1663 825 1703 adhuc
845 1664 986 1704 versus
1008 1664 1189 1705 alteram
1218 1671 1551 1710 extremitatem
1579 1672 1703 1713 situm
1730 1679 1818 1729 (aa)

544 1737 588 1766 et
609 1727 674 1767 vti
695 1728 870 1768 videtur
904 1755 914 1779 ‚
953 1741 1006 1769 ex
1029 1729 1220 1770 articulis
1258 1733 1529 1774 constantem
1552 1736 1817 1790 (superficies

543 1791 686 1841 enim,
728 1804 833 1844 quae
853 1793 1139 1846 conspicitur,
1180 1808 1280 1836 caua
1299 1797 1482 1839 etlaeuis
1502 1800 1580 1851 est,
1618 1803 1726 1854 quasi
1741 1818 1810 1844 re-

544 1865 673 1907 cepta
693 1855 749 1895 ibi
769 1856 906 1898 fuiffct
928 1858 1097 1898 articuli
1116 1861 1305 1900 connexi
1324 1860 1468 1913 facies)
1493 1864 1536 1902 in
1556 1864 1594 1904 se
1621 1869 1809 1920 continet,

540 1919 586 1958 in
624 1920 738 1961 cuius
767 1921 918 1962 medio
947 1921 1206 1977 fiphunculus
1227 1926 1380 1978 ingens
1408 1927 1504 1969 satis
1531 1927 1615 1981 (bb)
1640 1933 1811 1986 conspi-

539 1983 663 2022 citur.

665 2061 682 2087 1
699 2061 737 2088 1.
804 2048 933 2090 Alter
954 2050 1024 2090 ille
1046 2051 1258 2104 anicolas,
1296 2054 1490 2097 internus
1508 2057 1738 2109 nimirum,
1763 2060 1806 2099 in

541 2110 740 2162 plurimis
766 2110 885 2152 huius
910 2115 1082 2166 generis
1109 2116 1317 2170 lapidibus
1346 2133 1435 2160 non
1462 2122 1504 2161 in
1525 2122 1807 2176 conspectnm

539 2176 687 2229 venit,
726 2176 798 2219 sed
817 2178 963 2221 vuitus
979 2180 1120 2223 saltim
1141 2181 1351 2226 etsolidus
1404 2185 1569 2240 (Fig.6.
1603 2192 1668 2240 7.)
1709 2200 1804 2226 cer-

1683 2262 1802 2295 nitur
