2013 2719
453 174 534 221 IN
567 174 1072 223 SVPERFICIEBVs.
1319 193 1338 220 1
1356 194 1414 233 19

132 287 220 331 lida
240 287 367 330 lineis
388 287 516 330 reikis
537 300 593 330 ex
614 300 768 329 curuae
789 285 1015 328 cuiuslibet
1044 284 1216 340 singulis
1245 287 1414 339 punitis

134 354 187 396 ad
208 355 415 409 punstum
454 352 592 394 fixum
632 362 758 394 extra
785 352 964 407 planum
993 364 1149 393 curuae
1180 349 1412 393 assumtum

133 420 267 461 duffls
289 418 539 460 terminata.
607 418 725 459 Haec
745 419 789 457 in
809 429 950 458 conos
972 417 1222 458 ordinarios
1251 416 1410 457 abeunt

132 483 162 525 si
184 495 338 526 curu-ae
367 482 467 530 illae
494 481 653 524 fuerint
673 482 888 524 sectiones
906 482 1104 522 conicae.
1172 482 1411 523 Huiusmo-

134 548 176 590 di
196 560 358 602 corpus
377 547 663 588 conoidicum
681 546 730 587 sit
753 546 962 590 ACFDA
983 573 995 597 7
1038 547 1126 586 eius
1150 547 1241 587 axis
1269 547 1410 605 AQB,

133 622 176 655 et
234 613 410 667 planum
466 610 750 653 horizontale
803 610 947 654 ACD.
1016 611 1234 652 Ponamus
1270 611 1414 652 basem

131 677 294 722 CBDE
313 678 395 719 effe
418 676 833 732 perpendicularem
853 676 905 717 ad
925 688 1056 718 axem
1078 675 1171 718 AB.
1265 674 1414 717 Mani-

131 742 280 785 festum
300 756 410 784 nunc
433 743 511 795 est,
551 754 706 787 omnes
733 742 945 783 sedtiones
974 742 1045 781 axi
1074 739 1414 795 perpendicula-

132 820 201 849 res
220 806 316 847 fore
338 806 520 859 singulas
542 806 721 857 ssmiles,
764 817 806 846 et
832 804 1203 859 proportionales
1229 805 1415 858 quadra-

133 872 188 914 tis
209 871 504 913 distantiarum
525 883 546 910 a
568 872 736 911 vertice
755 872 811 912 A.
832 871 1065 912 Vocentur
1085 880 1132 910 vt
1146 879 1247 910 ante
1260 870 1357 928 AQ,
1377 875 1416 923 ί)

131 938 253 996 QP‚x
275 945 318 976 et
338 934 488 987 PM‚y.

249 1013 324 1052 25.
393 1001 503 1058 Quia
523 1011 681 1040 omnes
705 998 918 1048 sedtiones
946 997 1214 1039 transuersae
1244 996 1338 1037 sunt
1361 995 1413 1037 fi-

126 1063 276 1116 miles‚
319 1066 523 1119 aequatio
543 1065 661 1106 inter
679 1072 711 1114 t,
727 1077 756 1104 x
799 1060 991 1115 etytalis
1016 1062 1100 1103 effe
1115 1061 1316 1113 debet,vt
1338 1073 1410 1101 au-

126 1129 203 1171 e'tis
223 1129 292 1171 vel
314 1131 493 1171 minutis
515 1130 671 1171 duabus
691 1129 846 1170 harum
886 1128 1251 1169 coordinatarum
1280 1127 1415 1168 tertia

127 1195 282 1235 eadem
300 1196 477 1236 ratione
498 1206 708 1248 augeatur
727 1194 1047 1235 velminuatur.
1120 1191 1259 1234 Siuefi
1283 1192 1412 1232 inae-

126 1259 337 1310 quatione
360 1269 552 1312 ponatur
572 1260 677 1300 loco
698 1267 730 1308 t,
755 1272 784 1299 x
811 1270 894 1310 ety
916 1258 998 1299 hae
1017 1264 1076 1308 nt,
1098 1270 1180 1307 nx,
1222 1267 1265 1297 et
1287 1268 1350 1308 ny,
1363 1265 1412 1297 vt

128 1321 579 1372 aequatioimmutata
598 1322 805 1373 persistat.
844 1322 962 1361 Haec
985 1334 1095 1362 vero
1117 1322 1174 1361 est
1197 1322 1411 1373 proprie-

129 1391 193 1422 tas
224 1384 536 1436 aequationum
559 1381 1029 1436 homogenearum‚in
1048 1383 1196 1436 quibus
1218 1390 1251 1432 t,
1293 1397 1341 1433 x,
1367 1392 1412 1424 et

118 1459 152 1499 y
172 1447 326 1500 vbique
340 1448 527 1486 eundem
542 1447 865 1486 dimensionum
879 1459 1110 1487 numerum
1124 1447 1410 1489 constituunt.

127 1510 177 1551 In
197 1509 260 1549 his
281 1511 400 1549 enim
422 1509 528 1550 facta
547 1510 848 1550 substitutione
869 1519 1121 1549 memorata
1143 1511 1186 1549 in
1208 1512 1412 1553 omnibus

125 1574 328 1614 terminis
353 1586 377 1614 n
406 1573 590 1614 eandem
614 1573 789 1614 habebit
810 1574 1103 1626 potestatem,
1130 1584 1173 1613 et
1194 1585 1409 1628 propter-

125 1650 175 1678 ea
232 1651 281 1678 ea
318 1638 528 1680 diuisione
567 1638 669 1680 tolli
703 1638 877 1694 poterit
898 1666 909 1690 ‚
953 1649 997 1680 et
1037 1640 1240 1694 aequatio
1280 1641 1411 1694 prior

127 1702 337 1757 prodibit.

248 1773 321 1808 26.
389 1769 509 1810 Hanc
558 1780 668 1822 ergo
713 1779 910 1822 corpora
956 1767 1195 1809 conoidica
1241 1767 1407 1812 habent

126 1834 452 1886 proprietatem
476 1860 488 1884 ‚
530 1843 577 1875 vt
607 1834 813 1889 aequatio
845 1845 1003 1874 eorum
1023 1834 1206 1883 intest,
1248 1845 1278 1874 x
1299 1845 1343 1876 et
1372 1846 1406 1888 y

126 1895 232 1939 fasta
254 1897 302 1939 sit
322 1897 608 1953 homogenea
639 1927 650 1951 ‚
691 1900 718 1940 i.
744 1910 780 1939 e.
808 1909 856 1940 vt
876 1899 920 1939 in
941 1897 1114 1951 lingulis
1136 1898 1225 1938 eius
1247 1899 1406 1939 termi-

124 1962 187 2003 nis
205 1963 322 2003 idem
344 1962 392 2004 fit
412 1963 954 2023 dimensionumnumerus
975 1963 1024 2003 ab
1046 1963 1408 2005 indeterminatis

124 2031 221 2078 t‚x
245 2037 338 2081 ety
365 2027 593 2071 formatus.
674 2029 719 2072 Si
756 2029 891 2082 igitur
929 2040 985 2070 ex
1020 2026 1100 2069 hac
1137 2028 1405 2082 aequatione

123 2102 350 2145 quaeratur
374 2094 475 2149 quid
496 2093 546 2135 fit
567 2101 586 2134 t
604 2122 616 2146 ,
657 2094 910 2149 reperietur
936 2100 954 2134 t
981 2092 1169 2148 aequalis
1190 2092 1406 2136 functioni

126 2165 180 2196 ex
206 2170 235 2197 x
257 2167 301 2200 et
319 2171 351 2213 y
372 2158 650 2214 compositae
670 2159 982 2213 homogeneae
1005 2168 1049 2200 et
1075 2157 1200 2200 vniu's
1229 2158 1402 2199 dimen-

120 2216 265 2268 sionis.
346 2225 648 2284 Quamobrem
671 2223 709 2293 5}-
749 2224 1001 2283 aequabitur
1030 2222 1246 2271 fimdkioni
1275 2236 1331 2267 ex
1369 2233 1401 2263 x

1351 2301 1399 2337 et

1449 483 1512 522 Fig.
1536 488 1575 525 4.
