2013 2719
637 166 1004 214 SCYTHICAE.
1366 187 1391 226 3
1403 185 1424 226 ς
1436 185 1464 227 7

181 291 303 334 tem,
340 292 437 322 cum
455 278 543 321 suas
560 277 711 320 ederet
731 279 987 320 Herodotus
1006 278 1220 320 historias,
1252 280 1334 323 Cui
1355 293 1468 322 nunc

180 348 316 391 aetati
338 347 569 386 inseremus
590 345 824 386 Ariantum
846 356 998 397 regem
1020 375 1029 384 .
1076 345 1187 387 Cum
1216 346 1465 387 Oet-amasa-

182 416 256 455 des
276 412 396 452 breui
431 408 666 451 interuallo
698 419 801 450 ante
837 408 1117 462 Olympiadis
1138 410 1394 452 LXXXIII.
1421 426 1465 464 3.,

182 489 365 531 regnum
387 475 514 524 adiit,
556 483 657 514 ante
677 485 775 513 eum
793 482 940 514 autem
979 472 1127 525 Scyles
1157 488 1236 515 rex
1264 475 1342 516 fuit
1373 489 1466 517 uon

184 541 347 583 multos
369 551 503 580 annos
532 565 543 589 7
585 548 713 580 erunt
742 537 791 578 ab
814 537 1078 590 Indathyrso
1107 539 1159 578 ad
1181 539 1338 592 Scylen
1362 543 1467 583 annia

183 607 274 649 fere
294 606 511 658 sexaginta
532 604 678 654 vacui,
719 602 868 657 quibus
887 602 1027 643 solum
1048 603 1290 657 Aripithen
1312 617 1467 658 regem

183 671 372 713 inserere
392 681 481 710 non
504 667 648 710 ausim.
719 668 861 725 Quare
883 667 1123 709 Arianthas
1151 681 1232 709 rex
1269 680 1372 710 ante
1401 671 1466 711 A-

183 735 378 790 ripitheu
398 732 515 774 fuiss'e
550 734 726 774 videtur
757 759 768 783 7
809 732 880 785 qui
912 732 1117 774 confec‘lo
1138 733 1255 773 bello
1275 734 1465 786 Perfico,

183 800 440 855 Scytharum
460 797 764 838 recensionem
783 809 840 837 eo
862 795 989 846 fecit,
1027 808 1074 838 vt
1094 807 1303 851 quantum
1326 812 1466 852 opum

183 868 236 908 ad
256 874 480 907 externam
497 873 815 914 quamcumque
835 863 926 901 vim
949 861 1290 915 propulsandam
1310 878 1332 904 e
1353 863 1461 918 Scy-

183 930 274 972 thia
295 939 337 970 et
356 927 546 969 subiectis
566 924 742 979 populis
763 924 952 966 conflari
971 926 1115 978 poffet
1135 954 1145 976 7
1187 927 1464 981 intelligere-

179 1003 262 1034 tur.
330 991 517 1032 Dabitur
544 988 655 1031 mihi
675 989 825 1043 venia,
852 1001 952 1030 cum
972 1003 1017 1031 in
1040 1003 1212 1032 canone
1235 991 1315 1033 hos
1337 1005 1466 1046 reges

175 1065 412 1109 Vtcumque
434 1054 571 1109 posui.

291 1121 464 1172 Regum
486 1129 607 1161 tanta
627 1119 822 1160 maiestas
840 1118 918 1161 fuit
942 1146 955 1171 ,
1013 1128 1062 1161 vt
1093 1117 1282 1174 Scythae
1314 1123 1455 1163 maxi-

172 1196 292 1225 mam
314 1184 735 1225 iurisiurandifidem
755 1185 1104 1239 interponerent
1124 1181 1201 1236 ταῖς
1223 1186 1463 1243 βασιληῖας

175 1245 283 1297 ΐςὶας
307 1275 317 1298 ,
359 1249 490 1302 regios
507 1249 615 1290 lares
634 1252 704 1302 (4)
773 1249 817 1290 Si
841 1250 1016 1302 quando
1043 1261 1124 1290 rex
1150 1262 1407 1303 aegrotaret
1447 1280 1462 1304 7

176 1306 326 1365 ἔνάειες
349 1327 375 1369 {b
395 1308 672 1369 ἀνδρόγυναι,
695 1311 856 1353 harioli
884 1322 973 1352 tres
990 1314 1255 1367 praecipuae
1274 1316 1464 1357 austori-

180 1379 281 1417 tatis
300 1377 644 1426 adducebantur,
666 1378 737 1431 qui
755 1376 938 1417 caussam
960 1377 1461 1432 morbicognoscerent‚

175 1440 431 1495 Plerumque
458 1454 507 1481 ea
531 1441 750 1482 ferebatur
775 1469 785 1491 ,
825 1450 995 1480 certum
1018 1441 1251 1484 hominem
1280 1473 1291 1496 ,
1329 1458 1461 1499 quem

177 1506 309 1546 etiam
346 1506 631 1546 nominabant
670 1531 681 1555 7
723 1505 922 1558 periurio
959 1505 1166 1559 obligasse
1188 1510 1355 1561 regiam
1377 1512 1461 1551 do-

177 1583 310 1611 mum.
377 1570 596 1612 Addiic'tus
614 1582 711 1610 reus
739 1570 782 1610 in
810 1568 1091 1612 hariolorum
1119 1573 1401 1626 conspeeturn
1430 1575 1460 1617 fi

178 1634 444 1676 inficiaretur
477 1635 646 1675 crimen
669 1661 681 1685 7
719 1634 1016 1687 cognoscendi
1055 1637 1248 1689 potestas
1277 1640 1461 1682 dabatur

175 1700 250 1740 sex
267 1700 357 1740 aliis
375 1698 575 1751 hariolis,
616 1712 804 1755 quorum
826 1700 991 1758 iudicio
1011 1702 1331 1745 condemnatus
1354 1733 1366 1755 7
1404 1704 1460 1746 il-

178 1764 266 1804 lico
286 1766 429 1817 capite
449 1762 727 1818 plectebatur.
800 1764 874 1806 Sin
897 1764 969 1805 sex
988 1764 1147 1806 harioli
1167 1780 1292 1809 reum
1318 1769 1457 1809 absol-

175 1838 336 1870 ’verent
356 1856 368 1879 7
404 1830 475 1870 alii
512 1839 554 1870 et
581 1831 741 1871 iterum
772 1829 844 1870 alii
863 1830 1135 1871 vocabantur
1154 1831 1313 1872 harioli
1334 1861 1348 1886 7
1388 1835 1460 1888 qui

179 1893 209 1935 sl
246 1892 431 1947 plurima
464 1904 588 1948 parte
623 1894 943 1946 consentirent,
984 1905 1106 1935 certa
1126 1897 1343 1949 pernicies
1366 1901 1455 1953 pri-

180 1959 262 1999 mis
299 1957 476 2000 hariolis
510 1969 661 2013 parata
688 1969 781 2001 erat
811 1987 822 2010 7
872 1969 1093 2012 tamquam
1124 1962 1452 2014 impostoribus.

177 2022 410 2066 Plaustrum
427 2033 784 2066 concameratum
802 2024 1031 2066 sarmentis
1049 2023 1363 2081 referciebant,
1382 2044 1454 2071 ea·

1367 2108 1452 2148 que

259 2226 306 2266 (4)
337 2228 356 2259 1.
371 2229 461 2259 1v‚c‚
476 2228 524 2264 68.
