2013 2719
431 177 518 223 DE
556 176 777 223 SVLCIS
815 175 1216 224 COCHLEATIS.
1387 193 1406 220 1
1420 190 1481 231 57

205 300 449 344 gyrumque
473 288 623 328 exacte
645 285 904 341 parallelum
926 285 1177 337 seruent7vt
1197 294 1373 326 motum
1387 285 1485 339 glo-

206 354 311 395 bulo
334 352 607 393 vnnbmnem
626 351 888 404 imprimere
911 351 1100 391 valeant.

326 435 368 469 4.
442 415 740 469 Cognoscitur
775 416 933 456 vitium
971 413 1231 465 helicum7s1
1260 415 1304 454 in
1332 414 1485 456 tubum

206 482 393 535 sclopeti
434 480 658 534 plumbum
698 478 974 533 liquefactum
1010 479 1262 519 infundatur
1289 508 1300 531 ⁷
1341 489 1384 520 et
1412 493 1486 532 cy-

207 547 370 588 lindrus
399 545 623 599 plumbeus
650 542 929 597 refrigeratus
957 542 1164 583 helicibus
1185 545 1484 596 prominenti—

207 612 303 661 bus,
347 611 398 650 ad
416 609 644 650 modulum
665 608 755 648 tubi
777 608 906 650 sacrus
931 636 942 659 ,
981 617 1024 648 et
1053 607 1263 661 spitamae
1285 607 1485 661 longitu-

209 676 341 725 dinis,
383 673 615 715 formetur.
683 674 789 724 Hic,
832 672 861 712 fi
884 685 972 726 ope
991 671 1187 726 virgulae
1209 671 1394 723 ferreae,
1416 672 1487 714 seu

208 741 355 794 potius
374 738 608 791 chalybeae
630 766 641 789 ‚
685 751 762 791 per
781 747 931 778 totum
950 738 1148 777 canalem
1171 736 1358 790 sclopeti
1381 750 1482 792 per-

207 805 406 845 trudatur
425 813 553 855 atque
584 804 628 843 vi
648 802 1128 855 expellatur7indicabit
1147 802 1219 843 vel
1237 803 1387 843 iustam
1414 801 1486 843 vel

206 867 407 911 vitiosam
428 865 619 906 helicum
640 866 844 906 sormam.

326 943 367 982 5.
437 929 480 971 Si
518 930 637 969 euim
672 930 832 969 leniter
871 938 915 970 et
946 928 1033 972 fine
1059 942 1215 983 magna
1245 930 1483 973 resistentia

206 994 412 1051 protrudi
435 994 581 1048 potest
600 993 818 1046 cylindrus
839 993 1064 1046 plumbeus
1087 1021 1097 1044 ‚
1138 1005 1181 1034 et
1203 993 1325 1035 facile
1348 996 1482 1047 cedit,

202 1060 433 1113 postquam
453 1059 558 1100 oleo
579 1059 692 1099 intus
712 1059 823 1100 bene
837 1060 1037 1116 'inunc‘tus
1056 1058 1186 1099 fuerit
1208 1059 1345 1111 tubus,
1371 1061 1484 1100 indi-

204 1125 274 1164 cio
298 1124 354 1164 est
374 1152 385 1173 ‚
425 1123 587 1165 helices
609 1124 700 1165 tubi
721 1126 838 1165 reue
860 1123 943 1164 effe
963 1123 1234 1165 efformatus.
1307 1123 1351 1166 Si
1369 1137 1482 1166 vero

204 1201 362 1240 magna
381 1201 479 1228 cum
503 1188 787 1229 vehementia
808 1188 1236 1242 etvipropellendus
1259 1188 1317 1229 est
1338 1190 1479 1244 cylin-

206 1252 328 1300 drus,
369 1255 471 1291 tunc
491 1253 678 1303 videbis,
717 1253 877 1293 helices
899 1255 986 1294 eius
1016 1254 1356 1306 protuberantes
1386 1267 1408 1294 e
1428 1254 1480 1295 fi-

207 1322 251 1353 tu
272 1315 344 1353 suo
366 1314 516 1354 debito
538 1316 621 1354 effe
641 1315 834 1367 depulsas
854 1326 896 1354 et
920 1317 1112 1357 deflexas
1132 1346 1142 1367 ‚
1180 1318 1253 1358 vel
1270 1318 1479 1370 gracilio-

205 1389 274 1417 res
296 1378 485 1417 redditus
515 1405 525 1426 ‚
563 1377 632 1418 vel
655 1377 784 1430 plane
805 1378 1063 1430 deprauatas
1093 1406 1104 1428 7
1153 1381 1272 1433 quod
1301 1382 1480 1423 docebit

206 1442 362 1482 vitium
384 1442 426 1480 in
445 1440 720 1481 elaborandis
740 1440 943 1482 helicibus
964 1443 1055 1482 tubi
1077 1443 1372 1485 commissum.

324 1510 367 1544 6.
439 1504 598 1546 Modus
617 1504 882 1545 conficiendi
910 1506 1125 1546 eiusmodi
1154 1509 1322 1548 canales
1343 1509 1478 1550 coch-

204 1568 344 1609 lentos
373 1597 384 1620 ,
418 1581 504 1623 quo
528 1579 708 1610 Vtuntur
730 1570 893 1623 optimi
912 1569 1099 1610 artifices
1129 1598 1139 1619 7
1186 1572 1227 1610 in
1257 1585 1312 1611 eo
1336 1574 1477 1614 cons}—

205 1633 302 1686 stit,
335 1644 381 1674 vt
402 1634 539 1674 canali
564 1636 781 1675 eiusmodi
801 1635 947 1675 ferreo
971 1662 980 1684 ‚
1020 1637 1136 1677 reste
1164 1636 1250 1676 ium
1271 1636 1478 1679 helicibus

210 1708 420 1739 excauato
467 1727 478 1749 ‚
539 1700 786 1741 immittant
814 1701 983 1752 virgam
1010 1700 1266 1753 chalybeum
1295 1703 1477 1756 duplicis
1541 1718 1548 1727 ·=

205 1763 484 1815 longitudinis
506 1764 663 1806 canalis
686 1792 696 1815 ,
741 1776 783 1807 et
803 1766 855 1806 ud
883 1766 970 1805 eius
998 1766 1218 1815 medium,
1260 1767 1304 1806 in
1326 1779 1475 1810 extre-

208 1839 284 1866 mo
305 1827 391 1867 tubi
411 1829 624 1882 pofitum,
664 1830 1017 1884 simei-infundant
1038 1831 1083 1870 in
1111 1830 1307 1870 canalem
1330 1832 1474 1884 plum-

207 1890 306 1937 bum
328 1892 619 1946 liquefaenim,
657 1894 938 1949 fiii-mentque
975 1896 1193 1935 eiusmodi
1224 1897 1473 1948 cylindrum

208 1954 455 2008 plumbeum
502 1988 511 2010 ,
551 1961 699 2012 virgae
722 1960 955 2014 chalybeae
975 1959 1305 2003 circumfusum.
1348 1963 1474 2016 eique

205 2019 392 2063 firmiter
414 2024 748 2075 adhaerentem,
787 2025 960 2079 qualem
983 2019 1017 2068 §.
1039 2042 1082 2078 4.
1107 2025 1417 2078 descripfimus.

321 2097 363 2137 7.
433 2089 481 2129 In
505 2091 651 2142 virgae
674 2101 883 2132 extremo
905 2089 1115 2140 adaptant
1137 2100 1263 2145 utque
1290 2090 1470 2132 firmant

205 2148 446 2201 cylindrum
464 2153 672 2207 ligneum.
775 2157 881 2197 Huic
906 2154 1110 2208 cylindro
1137 2155 1388 2197 immittunt
1416 2156 1468 2195 li-

1350 2232 1468 2261 mum
