2013 2719
588 149 1034 202 ANATOMICAE.
1354 168 1449 209 277

175 281 286 323 379.
311 276 353 308 et
376 266 487 319 seqq.
556 264 647 306 Hae
668 275 789 313 non,
821 262 888 303 vti
909 260 1125 316 simplices
1143 260 1374 316 hydatides
1397 263 1463 304 de·¹>

173 335 319 389 quibus
339 330 472 384 vulgo
495 328 700 383 exempla
719 327 981 378 afferuntur,
1016 326 1177 368 steriles
1199 329 1291 369 sunt
1312 340 1358 368 ac
1373 341 1452 382 pu-

173 412 265 440 ram
288 408 438 450 aquam
457 395 740 446 continentes
780 407 793 444 ·,
830 392 1004 433 Verum
1032 391 1133 433 alias
1160 393 1204 432 in
1230 393 1270 434 se
1289 392 1451 434 vesicu-

175 463 232 504 las
253 461 474 502 includunt
496 473 541 500 ac
568 469 811 512 propterea
841 455 1083 510 proliferae
1117 457 1224 498 sunt.
1293 456 1334 500 A
1365 455 1450 498 Ni-

174 527 281 569 colsm
313 523 481 566 Stenone
510 525 552 564 in
582 532 793 563 anatome
820 519 1039 575 Rangiseri
1078 522 1183 561 duae
1212 523 1256 562 in
1278 523 1453 564 omenti

176 588 525 633 circumferentia
545 586 772 641 hydatides
795 597 1000 639 repertae
1025 585 1118 626 sunt
1139 613 1149 636 ‚
1192 599 1275 627 vna
1296 599 1453 640 magna

174 657 301 698 instar
322 655 393 696 oui
415 652 673 707 gallinacei,
712 649 849 692 altera
868 662 999 704 parua
1017 651 1147 691 instar
1168 651 1242 692 oui
1279 652 1450 692 colum-

174 720 265 762 bini
294 748 305 772 ,
370 730 550 771 quarum
570 715 760 770 singulae
784 727 936 769 aquam
960 714 1448 769 puriffimamcontine-

175 784 305 836 bant,
343 781 412 822 illa
433 791 582 822 tamen
602 792 778 835 praeter
807 793 958 834 aquam
1002 806 1013 829 ,
1057 781 1288 821 materiam
1314 794 1449 835 quan-

177 849 274 889 dam
308 845 511 900 gypseam
541 846 617 897 pisi
664 845 842 885 maioris
876 845 1178 896 magnitudine
1202 845 1244 884 in
1263 845 1302 884 se
1323 857 1450 885 com-

175 912 452 967 plectebatur.
518 909 575 949 Et
593 909 745 949 minor
765 907 949 948 vesicula
971 908 1265 961 Lymphatica
1287 910 1330 949 in
1359 921 1450 949 ma-

174 978 258 1017 iori
279 972 586 1015 continebatur
606 973 724 1028 quast
746 978 1011 1025 praegnante.
1083 974 1175 1014 Hae
1205 973 1450 1025 hydatides‚

168 1041 321 1094 inquit,
362 1038 566 1079 videntur
587 1038 631 1078 in
659 1049 897 1078 ceruorum
928 1049 1094 1090 genere
1126 1037 1371 1088 naturales,
1408 1039 1452 1076 in

169 1103 258 1143 aliis
280 1113 406 1143 antea
427 1116 448 1142 a
468 1115 538 1142 me
559 1103 683 1144 visae.
753 1101 995 1144 Inhistoria
1017 1115 1189 1156 quoque
1209 1103 1344 1144 Acad.
1362 1103 1451 1144 Re-

166 1169 262 1222 giae
279 1168 393 1208 Paris
418 1178 473 1217 17
488 1181 558 1207 22.
575 1167 703 1210 serius
717 1167 826 1208 mihi
849 1166 995 1208 oblata
1016 1167 1274 1222 exemplum
1294 1165 1449 1208 talium

169 1230 426 1283 hydatidum
446 1231 595 1272 exstat.

289 1293 483 1334 Secunda
514 1296 652 1335 modo
682 1295 778 1335 vice
807 1308 876 1334 eas
904 1295 1012 1334 mihi
1044 1296 1272 1337 obseruare
1301 1296 1449 1336 conti-

172 1357 234 1409 git
264 1358 333 1397 die
365 1370 439 1407 15.
475 1358 663 1398 Ianuarii
693 1357 814 1398 huius
834 1358 963 1408 anni,
1002 1359 1332 1412 contemplanti
1354 1358 1448 1399 foe-

170 1421 314 1463 minae
335 1420 507 1462 vetulae
530 1422 649 1462 tubas
670 1421 943 1475 Fallopianas
964 1439 970 1463 2
998 1424 1198 1477 Namque
1228 1423 1447 1464 membra-

171 1497 220 1524 na
242 1483 364 1525 hasce
386 1486 502 1524 inter
524 1497 567 1525 et
593 1487 741 1525 ouaria
761 1486 1043 1526 intercedens
1066 1513 1077 1536 ‚
1119 1487 1318 1540 plurimis
1339 1488 1447 1527 vesi-

170 1548 272 1588 culis
308 1549 562 1602 crystallinis
598 1550 722 1602 grani
757 1550 895 1590 tritici
944 1552 1295 1603 magnitudinem
1336 1551 1449 1594 haud

171 1613 477 1655 excedentibus
499 1613 636 1654 obsita
659 1624 752 1654 erat
776 1642 787 1665 7
828 1612 951 1669 quale
972 1615 1128 1655 vitium
1151 1616 1278 1670 saepe
1292 1628 1447 1657 nume-

171 1689 223 1717 ro
252 1678 295 1717 in
323 1677 565 1719 vetularum
596 1679 756 1719 ouariis
782 1679 896 1720 solet
923 1681 1204 1732 contingere.
1282 1682 1447 1722 Harum

172 1741 405 1784 nonnullae
424 1741 512 1783 sola
533 1755 638 1796 aqua
659 1743 869 1784 distentae
900 1755 1024 1784 erant
1051 1747 1118 1786 seu
1140 1744 1446 1786 infoecundae„

171 1806 296 1847 Aliae
326 1807 564 1847 minoribus
592 1807 787 1849 vesiculis
815 1810 859 1850 in
888 1808 1061 1862 liqtlole
1089 1809 1342 1863 crystallino
1362 1811 1445 1850 im-

173 1870 320 1911 mersis
340 1872 692 1925 impraeguatae:
733 1874 924 1914 iucundo
944 1874 1040 1914 sane
1071 1873 1321 1928 spectaculo
1349 1875 1446 1927 post

171 1934 382 1987 aspectum
401 1936 674 1978 tristiffimum
698 1939 919 1979 cadaueris
938 1967 949 1989 ,
989 1940 1104 1980 cuius
1125 1939 1373 1992 posteriora
1394 1940 1447 1980 ad

171 1998 335 2051 plantas
356 2001 514 2053 pedum
534 2015 666 2056 Vsque
687 2004 786 2056 igne
806 2002 1042 2045 torrefacta
1062 2005 1189 2057 inque
1208 2005 1445 2044 locisnou-

175 2063 298 2105 nullis
318 2065 428 2106 adeo
451 2068 678 2108 consumta
698 2078 824 2108 erant
838 2096 851 2120 ‚
892 2079 940 2109 vt
962 2069 1165 2109 tendines
1185 2069 1355 2122 ostiique
1369 2069 1445 2108 de·

1370 2146 1447 2174 niv-
