2013 2719
639 143 964 219 schfflca.
1338 187 1433 231 299

148 292 265 338 τῖες,
305 275 580 339 Agathyrsum
603 308 615 333 ,
655 279 850 324 Gelonum
870 292 913 323 et
935 278 1144 335 Scytham.
1221 278 1312 325 Illis
1331 281 1434 324 alias

147 355 191 395 in
212 363 348 392 terras
370 346 541 390 dimissis
561 374 573 398 ‚
614 359 637 389 a
657 347 821 402 Scytha
845 345 927 388 effe
954 344 1171 398 Βασιλῆας
1198 347 1265 387 seu
1285 346 1438 402 Regios

150 426 421 473 prognatos,
462 413 531 467 qui
557 413 800 454 Herculeae
826 413 969 465 stirpis
997 412 1161 467 signum
1192 441 1203 464 ,
1242 413 1435 466 phialam

152 484 204 524 de
224 479 415 536 pelliceo
436 476 612 530 cingulo
633 477 903 529 pendentem
932 476 1155 529 gestu-int.
1200 477 1434 519 Diodorus

153 544 317 591 Siculus
337 543 455 584 addit
503 569 513 593 ,
561 553 617 581 ex
637 541 827 595 Scythae
849 541 1085 594 nepotibus
1103 538 1242 582 Palam
1268 554 1311 582 et
1333 540 1434 583 Na·-

144 620 240 667 pum
260 609 434 663 genitos
461 635 471 658 ‚
514 618 668 659 regum
696 605 1029 660 potentiffimos
1076 633 1088 657 ‚
1128 606 1274 659 capita
1305 606 1435 648 Palo-

149 689 246 718 rum
266 675 583 727 Naporumque
605 670 826 712 exstitisse.
928 672 1021 712 Hos
1044 681 1154 723 puto
1174 671 1435 713 Diodorum

150 741 193 782 in
213 740 359 780 animo
379 735 589 786 habuisse,
628 737 698 789 qui
722 734 871 790 paullo
884 745 987 775 ante
1003 747 1101 775 eum
1123 748 1220 776 cum
1246 735 1432 777 Mithri-

151 806 250 846 date
269 815 336 844 res
355 801 588 855 gesserunt.
657 801 828 842 Pal-acus
851 800 971 840 enim
995 798 1159 853 Scytha
1180 827 1191 851 ,
1233 813 1320 854 pro
1347 813 1437 855 quo

73 866 81 874 ‘
148 868 295 913 Palum
316 864 463 908 dixisse
482 863 659 905 videtur
687 864 918 906 Diodorus
943 891 956 916 ‚
992 876 1094 904 cum
1121 865 1437 919 quinquaginta

150 933 348 975 fratribus
369 942 424 971 eo
444 929 487 969 in
505 927 625 968 bello
647 928 907 970 celebratur.
976 928 1046 969 Ab
1068 928 1146 968 hac
1168 929 1306 970 fabula
1336 930 1437 971 Ste-

145 997 310 1051 phanus
328 993 562 1048 Byzantius
578 992 646 1035 sua
664 994 737 1035 illa
758 994 949 1046 accepit:
989 988 1164 1033 Σκύθαι
1190 989 1292 1034 ἀπὸ
1317 990 1436 1036 Σκό-

139 1059 203 1102 98
226 1055 371 1109 παιδὸς
418 1055 659 1112 Ηξῑακλέες.
745 1058 802 1100 Et
823 1069 877 1098 ne
905 1057 1199 1098 mediocriter
1226 1057 1438 1100 iocularis

142 1124 272 1175 effer,
314 1124 457 1165 addit:
495 1118 598 1175 τινὲς
617 1118 778 1164 δὀἷῡτὲ
807 1121 863 1164 τέ
892 1117 1436 1179 σκύζεσθαιβεγιλώτατοι

140 1187 231 1245 Ὑὰξ
261 1216 272 1238 ,
328 1187 402 1228 alii
429 1186 554 1229 diffos
585 1187 736 1244 censent
756 1201 781 1228 a
799 1184 1023 1246 σκύὲεοῧαι
1041 1184 1188 1241 ἰντῃὲὲ;
1216 1194 1312 1243 szt
1332 1190 1436 1229 enim

135 1260 341 1306 perquam
379 1252 582 1293 iracundi.
651 1254 759 1295 Non
780 1255 917 1304 magis
937 1252 1025 1291 hoc
1077 1264 1265 1304 verum,
1302 1264 1434 1306 quam

141 1317 260 1370 quod
275 1314 512 1358 Thracicae
529 1316 671 1369 stirpis
691 1325 874 1367 gentem
901 1314 1018 1357 fuisse
1048 1317 1299 1356 contendit.
1369 1317 1434 1358 At

143 1389 289 1420 totam
309 1378 427 1419 illam
462 1377 853 1431 fabulam,Scythis
882 1378 981 1432 ipsis
1011 1379 1263 1431 ignotamffi
1284 1378 1430 1421 Grae-

144 1445 202 1484 cis
235 1445 348 1483 circa
377 1445 567 1485 Pontum
597 1443 788 1485 coloniis
825 1442 1026 1483 excusam
1050 1453 1092 1482 et
1131 1445 1291 1496 pictam
1326 1444 1428 1494 effe,

143 1507 398 1550 Herodotus
418 1507 611 1548 testatur.
697 1505 753 1548 Id
785 1517 840 1546 eo
876 1507 1033 1547 factum
1064 1508 1232 1560 opinor
1261 1535 1271 1558 ‚
1312 1509 1434 1562 quod

141 1571 348 1616 Hercules
377 1585 399 1612 a
428 1569 715 1612 vetustissimis
754 1569 806 1611 ad
844 1569 1037 1612 Pontum
1077 1571 1302 1623 coloniis,
1345 1585 1433 1615 vna

144 1650 243 1678 cum
259 1635 505 1690 Hylloffilio
527 1649 737 1690 perquam
760 1635 966 1687 religiose
987 1634 1230 1677 colebatur.
1301 1638 1359 1679 Et
1381 1650 1428 1677 e-

142 1711 209 1743 rat
231 1711 322 1741 tum
343 1713 473 1753 genus
491 1701 713 1756 quoddam
733 1698 870 1740 cultus
894 1728 905 1752 ‚
946 1710 995 1742 vt
1013 1713 1142 1755 quam
1166 1701 1430 1754 amplissime

145 1776 190 1806 et
211 1764 430 1806 vaniffime
457 1766 509 1807 de
538 1765 617 1807 diis
636 1765 927 1817 heroibusque
957 1793 968 1817 ,
1010 1778 1117 1819 quae
1140 1778 1278 1820 neque
1296 1765 1426 1819 fasta,

144 1842 284 1883 neque
303 1829 398 1870 fieri
426 1841 668 1885 potuerunt
695 1859 706 1883 ‚
751 1841 905 1872 tamen
932 1830 1383 1871 comminiscerentur
1416 1859 1429 1883 7

143 1893 279 1935 veluti
297 1894 382 1938 laus
401 1907 456 1939 ex
470 1908 583 1937 vero
604 1895 749 1938 hausta
770 1893 877 1935 nihil
897 1894 1205 1936 admirationis
1224 1894 1425 1947 haberet,

145 1958 221 1998 nisi
258 1958 285 1999 si
315 1958 417 2002 esset
444 1973 606 2015 magno
635 1960 827 2016 quodam
857 1971 900 2001 et
920 1960 1170 2013 impudenti
1188 1960 1423 2000 mendacio

143 2024 437 2077 coinquinata.
490 2026 618 2068 Nunc
643 2024 814 2067 occasio
836 2022 1013 2065 fallendi
1034 2037 1090 2064 ex
1110 2037 1195 2078 quo
1220 2025 1341 2066 dun-,1
1353 2023 1422 2076 fit,

144 2088 409 2143 cognoscite.
478 2089 639 2134 Graeci
661 2092 713 2131 ad
731 2087 1249 2132 Pontumintellexerant
1271 2089 1423 2130 exser-

142 2164 279 2195 mone
303 2152 581 2212 Scytharum,
618 2155 738 2214 quod
756 2153 953 2198 Herculis
979 2165 1125 2197 aetate
1155 2154 1262 2195 nulii
1283 2152 1421 2194 adhuc

1310 2217 1417 2270 Scy-
