2013 2719
415 140 845 191 ARTICVLATIS
882 142 1212 199 LAPIDEIS„
1362 156 1458 206 263

180 265 294 308 ropa
328 251 448 295 locus
467 252 692 294 radiorum
721 253 972 295 nostrorum
999 252 1154 296 fertilis
1173 254 1377 309 cognitus
1395 255 1460 310 sit,

181 319 258 361 nisi
284 320 354 374 qui
384 318 493 359 mari
521 317 724 360 Balthico
757 319 965 373 propior,
1067 321 1185 361 Haec
1206 321 1389 363 enimin
1409 322 1459 364 iis

183 385 408 426 obseruata
445 384 658 437 cognatio
698 385 884 424 eandem
913 382 1108 437 prodere
1126 385 1302 426 videtur
1321 387 1457 442 origi-

182 460 299 490 nem.
384 448 475 489 Huc
497 459 540 488 et
560 447 762 501 apprime
783 447 973 489 refertur
994 448 1241 491 obseruatio
1263 464 1456 505 quorun·

181 514 280 555 dam
310 540 320 563 ‚
395 513 531 553 maria
550 512 670 553 huius
688 511 778 553 loci
798 513 892 552 imo
920 522 965 554 et
994 512 1176 555 flumina
1205 513 1412 570 pleraque
1433 528 1457 559 a

180 580 306 633 plaga
323 577 508 619 Australi
525 587 570 618 et
589 577 807 619 Orientali
833 576 984 617 sensim
1009 577 1248 634 sensimque
1274 581 1455 622 recede-

178 656 227 684 re
249 654 292 684 et
314 652 468 696 petere
486 641 724 685 Borealem
743 652 787 684 et
807 641 1160 684 Occidentalem.
1246 643 1297 685 Id
1317 644 1369 685 de
1389 645 1454 686 la·

178 719 230 748 cu
248 707 515 758 Ladogaenfi
540 707 743 762 inprimis
771 706 946 761 quidam
967 719 1051 760 pro
1070 717 1196 749 certo
1218 707 1453 750 affirmant.

179 772 292 816 Cum
328 781 438 812 vero
476 784 598 812 mare
624 772 851 814 Finnicum
876 783 968 813 non
1003 770 1139 826 longe
1157 772 1284 814 distet
1303 786 1325 813 a
1345 772 1453 815 loco

178 837 424 878 nostrorum
436 832 633 888 lapidum
647 836 1009 890 natali‚fitumque
1028 836 1078 877 fit
1098 837 1239 879 versus
1255 838 1452 881 Boream

179 912 224 942 et
243 900 558 950 Occidentem,
598 899 825 953 probabile
844 899 924 950 est,
964 899 1009 940 id
1029 901 1086 940 ibi
1110 901 1219 941 olim
1240 902 1452 955 extitisse·,

176 965 289 1020 quod
309 964 446 1017 magis
480 963 616 1005 adhuc
643 962 878 1006 illustratur
903 964 1179 1018 depreffione
1199 965 1273 1008 illa
1291 967 1451 1008 strato-

169 1041 266 1069 rum
294 1055 305 1078 ‚
384 1027 532 1083 quibus
557 1029 725 1084 lapides
755 1029 892 1072 nostri
920 1029 1267 1086 sepeliebantur,
1307 1031 1453 1074 versus

167 1091 362 1135 Boream
384 1103 429 1134 et
448 1093 757 1136 Occidentem.
777 1089 835 1146 (§.
851 1098 913 1148 3.)

289 1194 366 1232 32.
432 1179 587 1222 Doleo
609 1181 773 1232 saltim,
813 1180 1032 1222 eiusmodi
1049 1180 1283 1235 conchylia
1309 1181 1353 1224 in
1372 1180 1446 1224 lit-

168 1244 337 1285 toribus
357 1245 485 1285 maris
502 1245 693 1287 Balthici
712 1258 802 1286 non
823 1246 1007 1298 amphus
1026 1247 1239 1299 prostare.
1309 1248 1445 1288 Forte

171 1307 376 1361 piscium,
416 1321 677 1348 cancrorum
699 1318 743 1348 et
764 1309 1081 1349 nonnullorum
1101 1310 1444 1363 conchyliorum

169 1383 298 1412 more
318 1372 434 1425 prius
454 1372 570 1412 suum
588 1370 878 1412 habitaculum
899 1372 1141 1413 deserentia
1159 1373 1246 1414 alio
1269 1374 1443 1429 aufuge-

165 1445 289 1486 runt,
331 1436 448 1477 forte
467 1437 510 1476 in
529 1436 662 1476 fundo
683 1435 968 1476 saltimmaris
988 1436 1259 1489 degunt.&c.

287 1530 361 1571 35.
434 1516 635 1571 Superest
664 1543 674 1565 ,
716 1526 763 1556 vt
791 1516 844 1556 de
868 1518 1184 1558 conuenientia
1212 1519 1441 1563 radiorum

167 1582 414 1624 nostrorum
434 1595 532 1623 cum
552 1582 643 1622 aliis
664 1581 858 1634 figuratis
877 1594 1011 1635 panca
1034 1594 1300 1624 memorem.
1357 1584 1440 1627 Sub

168 1649 320 1688 eadem
337 1646 460 1688 classe
480 1659 575 1688 cum
605 1646 869 1689 Belemnitis
887 1673 899 1697 ,
956 1648 1178 1689 Nautilitis
1198 1657 1241 1688 et
1262 1648 1434 1691 Cornu*

166 1711 239 1753 bus
259 1713 491 1754 Ammonis
510 1710 834 1765 comprehendi
858 1710 1033 1765 possunt
1047 1740 1058 1763 ,
1074 1712 1145 1753 sed
1164 1725 1255 1753 non
1273 1713 1343 1755 sub
1357 1726 1436 1755 eo*

167 1776 267 1817 dem
289 1789 461 1830 genere.
528 1776 797 1819 Differentia
818 1786 908 1817 tam
935 1777 1141 1818 notabilis
1167 1776 1224 1818 est
1246 1804 1257 1828 ‚
1298 1788 1345 1819 vt
1365 1791 1435 1818 re*

166 1853 260 1882 rum
298 1841 445 1882 harum
468 1843 628 1883 notitia
657 1842 828 1882 imbuto
858 1854 969 1883 mox
988 1842 1030 1881 in
1052 1842 1431 1886 oculosincurran

165 1906 322 1949 Radius
339 1907 582 1948 articulatus
604 1909 766 1957 rectus,
807 1906 1270 1960 fiphunculomedium
1291 1917 1433 1949 trans-

166 1981 294 2011 eunte
317 1970 458 2014 differt
482 1985 502 2012 a
518 1972 867 2017 Belemnitarum
890 1970 1071 2012 alueolis
1090 1971 1306 2014 velcauda
1329 1985 1431 2014 can-

164 2035 223 2075 cri
249 2034 431 2078 Gesneri
456 2036 710 2092 fiphunculo
740 2049 832 2077 non
854 2036 906 2077 ad
934 2034 1042 2077 latus
1073 2063 1084 2088 ‚
1123 2035 1255 2078 sedin
1274 2038 1428 2078 medio

162 2100 424 2155 transeuntc3
441 2104 566 2148 Radii
588 2102 801 2144 incuruati
820 2101 1136 2156 distinguuntur
1149 2114 1170 2143 a
1189 2101 1431 2156 Nautilitis9

163 2159 274 2205 Tom.
293 2164 374 2206 111.
785 2165 831 2207 M
844 2179 887 2206 m
1276 2166 1427 2208 alueo«
