2013 2719
543 144 619 210 ’ἓξ
685 148 734 204 )²(
774 159 865 205 351
904 149 952 204 )2<
1019 146 1093 210 gii*

313 268 763 332 MEMORIAE
831 268 1321 333 SCYTHICAE

763 423 851 466 AD

278 546 881 610 ALEXANDRVM
956 547 1346 612 MAGNVM

618 698 703 760 T.
788 698 840 759 S.
914 698 980 759 Β.

168 927 458 1146 DE
493 940 795 997 magnitudine
834 939 991 997 populi
1021 939 1217 997 Scythici
1258 941 1451 987 diuersae

459 1008 701 1049 sententiae
721 1009 773 1049 ad
793 1008 1076 1050 Herodotum
1093 1008 1453 1070 (1)perfereban—

458 1083 528 1114 tur
550 1100 561 1124 ,
601 1082 649 1114 vt
671 1074 789 1114 inter
812 1085 881 1114 eas
900 1086 1059 1128 anceps
1095 1073 1205 1114 nihil
1235 1074 1347 1115 certi
1377 1073 1452 1114 ad-

457 1138 672 1180 firmaret.
766 1139 855 1180 Alii
874 1139 1103 1194 ingentem
1127 1138 1314 1180 edebant
1337 1137 1453 1179 mul-

163 1203 437 1255 titudinem,
475 1205 543 1257 qui
558 1204 764 1244 videntur
787 1216 943 1245 omnes
966 1205 1080 1245 intra
1108 1204 1263 1246 Istrum
1294 1214 1338 1244 et
1365 1203 1451 1244 Ta·

164 1269 283 1308 naim
304 1267 498 1323 populos
518 1267 776 1322 complexi,
819 1267 905 1318 alii,
928 1269 999 1321 qui
1016 1269 1156 1308 solum
1182 1295 1193 1318 ,
1248 1278 1298 1307 vt
1318 1276 1448 1321 puto,

165 1330 422 1384 Scythicum
465 1345 634 1372 nomen
663 1331 980 1383 respiciebant,
1019 1331 1232 1383 insignem
1254 1333 1449 1384 paucita-

163 1404 272 1436 tem.
344 1392 555 1450 Αςιαντὰς
575 1393 781 1437 Ariantas
802 1407 882 1435 rex
913 1422 923 1444 ,
966 1407 1064 1436 cum
1086 1408 1319 1436 numerum
1343 1395 1449 1449 Scy·

163 1458 342 1501 thurum
368 1461 638 1513 cognoscere
661 1457 797 1499 vellet
830 1485 840 1508 ,
881 1458 990 1499 iuflit
1023 1487 1034 1510 ,
1076 1470 1123 1500 vt
1154 1459 1344 1512 Scythae
1366 1460 1449 1501 sm-

163 1524 251 1577 guli
269 1524 457 1578 singulos
491 1525 664 1565 aculeos
690 1523 947 1575 sagittarum
970 1523 1228 1565 conferrent
1247 1527 1291 1566 in
1312 1538 1449 1568 vnum

163 1588 343 1640 locum,
381 1590 534 1643 capitis
557 1600 704 1642 poena
722 1588 905 1639 indicta,
941 1590 1011 1642 qui
1032 1589 1243 1629 mandato
1268 1603 1447 1644 nonpa-

163 1654 323 1695 ruisset.
370 1655 437 1695 Ex
458 1654 521 1694 his
543 1652 700 1694 aculeis
722 1651 910 1693 ahenum
929 1652 1032 1694 fecit
1056 1665 1099 1694 ct
1120 1655 1163 1693 in
1182 1655 1446 1710 Exampaeo

164 1719 280 1759 inter
299 1719 519 1773 Hypanim
557 1729 685 1772 atque
704 1716 1028 1770 Borysthenem
1059 1719 1288 1761 dedicauit.
1358 1721 1448 1761 He-

163 1784 388 1834 rodotus,
426 1797 522 1825 cum
542 1783 661 1825 isthic
698 1792 915 1824 terrarum
944 1783 1213 1834 versaretur,
1256 1783 1448 1826 ahenum

163 1848 253 1900 ipse
275 1849 405 1899 vidit,
441 1848 732 1902 amplitudine
757 1848 1060 1888 sexcentarum
1082 1847 1398 1902 amphorarum
1434 1878 1447 1902 ,

163 1912 238 1953 sex
273 1913 449 1954 crassum
491 1915 656 1967 digitos
700 1940 711 1963 ,
787 1925 842 1954 ex
868 1926 955 1967 quo
975 1923 1283 1966 argumentum
1304 1915 1441 1967 capit,

163 1987 320 2031 quanta
344 1979 495 2031 populi
516 1979 626 2019 istius
649 1977 887 2019 multitudo
914 1977 1056 2019 fuerit.
1146 1979 1204 2020 Et
1230 1978 1441 2019 Herodo-

163 2051 229 2082 tus
251 2043 423 2096 quidem
443 2054 595 2098 argute
617 2043 815 2085 rationes
835 2044 931 2084 iniit
946 2070 956 2095 ,
970 2042 1042 2084 sed
1061 2042 1244 2085 calculus
1261 2042 1334 2084 ille
1350 2057 1444 2086 non

162 2102 276 2148 Tom.
290 2107 372 2149 III.
842 2105 916 2150 Zz
1306 2121 1441 2164 appa-

244 2254 290 2298 (ι)
329 2257 349 2291 1,
363 2257 415 2290 iv.
430 2268 453 2290 c.
468 2261 510 2295 ει.
