<?xml version="1.0" encoding="UTF-8"?>
<!DOCTYPE html PUBLIC "-//W3C//DTD XHTML 1.0 Transitional//EN"
    "http://www.w3.org/TR/xhtml1/DTD/xhtml1-transitional.dtd">
<html xmlns="http://www.w3.org/1999/xhtml" xml:lang="en" lang="en">
 <head>
  <title>
</title>
<meta http-equiv="Content-Type" content="text/html;charset=utf-8" />
  <meta name='ocr-system' content='tesseract 3.04.00' />
  <meta name='ocr-capabilities' content='ocr_page ocr_carea ocr_par ocr_line ocrx_word'/>
</head>
<body>
  <div class='ocr_page' id='page_1' title='image "./commentariiacade03impe_0252.png"; bbox 0 0 2013 2719; ppageno 0'>
   <div class='ocr_carea' id='block_1_1' title="bbox 551 160 1625 219">
    <p class='ocr_par' dir='ltr' id='par_1_1' title="bbox 551 160 1625 219">
     <span class='ocr_line' id='line_1_1' title="bbox 551 160 1625 219; baseline 0.005 -11"><span class='ocrx_word' id='word_1_1' title='bbox 551 180 648 219; x_wconf 84' lang='lat'>224</span> <span class='ocrx_word' id='word_1_2' title='bbox 803 160 1422 211; x_wconf 79' lang='lat' dir='ltr'><strong><em>COMMENTATIONES</em></strong></span> <span class='ocrx_word' id='word_1_3' title='bbox 1456 167 1625 215; x_wconf 85' lang='lat' dir='ltr'><em>PHYS.</em></span> 
     </span>
    </p>
   </div>
   <div class='ocr_carea' id='block_1_2' title="bbox 539 270 1808 397">
    <p class='ocr_par' dir='ltr' id='par_1_2' title="bbox 539 270 1808 397">
     <span class='ocr_line' id='line_1_2' title="bbox 540 270 1808 332; baseline 0.003 -20"><span class='ocrx_word' id='word_1_4' title='bbox 540 272 726 326; x_wconf 85' lang='lat' dir='ltr'>quiritur</span> <span class='ocrx_word' id='word_1_5' title='bbox 754 299 765 322; x_wconf 86' lang='grc'>,</span> <span class='ocrx_word' id='word_1_6' title='bbox 804 270 921 324; x_wconf 91' lang='lat' dir='ltr'>quod</span> <span class='ocrx_word' id='word_1_7' title='bbox 948 270 1124 323; x_wconf 79' lang='lat' dir='ltr'>reliquis</span> <span class='ocrx_word' id='word_1_8' title='bbox 1141 271 1243 311; x_wconf 76' lang='lat' dir='ltr'>basis</span> <span class='ocrx_word' id='word_1_9' title='bbox 1263 271 1311 312; x_wconf 89' lang='lat' dir='ltr'>fit</span> <span class='ocrx_word' id='word_1_10' title='bbox 1337 301 1348 324; x_wconf 83' lang='lat'>,</span> <span class='ocrx_word' id='word_1_11' title='bbox 1386 285 1430 315; x_wconf 89' lang='lat' dir='ltr'>et</span> <span class='ocrx_word' id='word_1_12' title='bbox 1451 277 1565 317; x_wconf 85' lang='lat' dir='ltr'>cuius</span> <span class='ocrx_word' id='word_1_13' title='bbox 1587 291 1672 332; x_wconf 86' lang='lat' dir='ltr'>ope</span> <span class='ocrx_word' id='word_1_14' title='bbox 1695 281 1808 324; x_wconf 70' lang='grc' dir='ltr'>ηᾶῑο</span> 
     </span>
     <span class='ocr_line' id='line_1_3' title="bbox 539 335 1808 397; baseline 0.001 -19"><span class='ocrx_word' id='word_1_15' title='bbox 539 335 803 380; x_wconf 75' lang='lat' dir='ltr'>resistentiae</span> <span class='ocrx_word' id='word_1_16' title='bbox 831 347 929 374; x_wconf 92' lang='lat' dir='ltr'>cum</span> <span class='ocrx_word' id='word_1_17' title='bbox 950 335 1122 376; x_wconf 61' lang='lat' dir='ltr'>actione</span> <span class='ocrx_word' id='word_1_18' title='bbox 1144 337 1370 388; x_wconf 78' lang='lat' dir='ltr'>grauitatis</span> <span class='ocrx_word' id='word_1_19' title='bbox 1390 338 1519 392; x_wconf 76' lang='lat' dir='ltr'>possit</span> <span class='ocrx_word' id='word_1_20' title='bbox 1546 348 1808 397; x_wconf 71' lang='lat' dir='ltr'>comparari,</span> 
     </span>
    </p>
   </div>
   <div class='ocr_carea' id='block_1_3' title="bbox 537 429 1813 859">
    <p class='ocr_par' dir='ltr' id='par_1_3' title="bbox 537 429 1813 859">
     <span class='ocr_line' id='line_1_4' title="bbox 662 429 1808 487; baseline 0.011 -18"><span class='ocrx_word' id='word_1_21' title='bbox 662 441 701 480; x_wconf 83' lang='grc' dir='ltr'>ς.</span> <span class='ocrx_word' id='word_1_22' title='bbox 773 429 1050 472; x_wconf 80' lang='lat' dir='ltr'>Manentibus</span> <span class='ocrx_word' id='word_1_23' title='bbox 1070 432 1211 487; x_wconf 80' lang='lat' dir='ltr'>itaque</span> <span class='ocrx_word' id='word_1_24' title='bbox 1234 442 1325 474; x_wconf 89' lang='lat' dir='ltr'>tum</span> <span class='ocrx_word' id='word_1_25' title='bbox 1347 433 1482 476; x_wconf 87' lang='lat' dir='ltr'>fluido</span> <span class='ocrx_word' id='word_1_26' title='bbox 1505 462 1516 486; x_wconf 86' lang='lat'>‚</span> <span class='ocrx_word' id='word_1_27' title='bbox 1558 446 1649 478; x_wconf 88' lang='lat' dir='ltr'>tum</span> <span class='ocrx_word' id='word_1_28' title='bbox 1668 453 1808 482; x_wconf 78' lang='lat' dir='ltr'>mate‹</span> 
     </span>
     <span class='ocr_line' id='line_1_5' title="bbox 541 494 1808 548; baseline 0.01 -15"><span class='ocrx_word' id='word_1_29' title='bbox 541 494 603 533; x_wconf 78' lang='lat' dir='ltr'>ria</span> <span class='ocrx_word' id='word_1_30' title='bbox 623 506 868 548; x_wconf 89' lang='lat' dir='ltr'>corporum</span> <span class='ocrx_word' id='word_1_31' title='bbox 896 507 1126 536; x_wconf 89' lang='lat' dir='ltr'>motorum</span> <span class='ocrx_word' id='word_1_32' title='bbox 1147 497 1369 538; x_wconf 86' lang='lat' dir='ltr'>coniicere</span> <span class='ocrx_word' id='word_1_33' title='bbox 1390 499 1446 539; x_wconf 85' lang='lat' dir='ltr'>est</span> <span class='ocrx_word' id='word_1_34' title='bbox 1469 527 1479 548; x_wconf 86' lang='grc'>,</span> <span class='ocrx_word' id='word_1_35' title='bbox 1527 501 1808 546; x_wconf 79' lang='lat' dir='ltr'>resistentiam</span> 
     </span>
     <span class='ocr_line' id='line_1_6' title="bbox 542 557 1807 614; baseline 0.009 -17"><span class='ocrx_word' id='word_1_36' title='bbox 542 557 624 598; x_wconf 81' lang='lat' dir='ltr'>effe</span> <span class='ocrx_word' id='word_1_37' title='bbox 655 559 862 613; x_wconf 84' lang='lat' dir='ltr'>proxime</span> <span class='ocrx_word' id='word_1_38' title='bbox 888 559 931 599; x_wconf 87' lang='lat' dir='ltr'>in</span> <span class='ocrx_word' id='word_1_39' title='bbox 961 562 1131 601; x_wconf 78' lang='lat' dir='ltr'>ratione</span> <span class='ocrx_word' id='word_1_40' title='bbox 1162 561 1487 614; x_wconf 84' lang='lat' dir='ltr'>superficierum</span> <span class='ocrx_word' id='word_1_41' title='bbox 1509 564 1687 606; x_wconf 82' lang='lat' dir='ltr'>istorum</span> <span class='ocrx_word' id='word_1_42' title='bbox 1709 581 1807 610; x_wconf 92' lang='lat' dir='ltr'>cor-</span> 
     </span>
     <span class='ocr_line' id='line_1_7' title="bbox 540 622 1811 680; baseline 0.009 -18"><span class='ocrx_word' id='word_1_43' title='bbox 540 635 732 675; x_wconf 84' lang='lat' dir='ltr'>porum,</span> <span class='ocrx_word' id='word_1_44' title='bbox 773 622 892 663; x_wconf 91' lang='lat' dir='ltr'>nullo</span> <span class='ocrx_word' id='word_1_45' title='bbox 913 623 1065 665; x_wconf 77' lang='lat' dir='ltr'>habito</span> <span class='ocrx_word' id='word_1_46' title='bbox 1088 623 1281 677; x_wconf 61' lang='lat' dir='ltr'>respectu</span> <span class='ocrx_word' id='word_1_47' title='bbox 1300 627 1350 666; x_wconf 84' lang='lat' dir='ltr'>ad</span> <span class='ocrx_word' id='word_1_48' title='bbox 1370 627 1585 680; x_wconf 73' lang='lat' dir='ltr'>figuram,</span> <span class='ocrx_word' id='word_1_49' title='bbox 1623 632 1811 673; x_wconf 83' lang='lat' dir='ltr'>cuiusrei</span> 
     </span>
     <span class='ocr_line' id='line_1_8' title="bbox 541 685 1809 744; baseline 0.008 -17"><span class='ocrx_word' id='word_1_50' title='bbox 541 685 870 728; x_wconf 73' lang='lat' dir='ltr'>fundamentum</span> <span class='ocrx_word' id='word_1_51' title='bbox 889 689 1066 741; x_wconf 84' lang='lat' dir='ltr'>quilibet</span> <span class='ocrx_word' id='word_1_52' title='bbox 1086 690 1206 728; x_wconf 67' lang='lat' dir='ltr'>videt</span> <span class='ocrx_word' id='word_1_53' title='bbox 1226 705 1233 729; x_wconf 75' lang='grc' dir='ltr'><strong><em>ε</em></strong></span> <span class='ocrx_word' id='word_1_54' title='bbox 1257 701 1366 742; x_wconf 86' lang='lat' dir='ltr'>ergo</span> <span class='ocrx_word' id='word_1_55' title='bbox 1388 692 1428 732; x_wconf 88' lang='lat' dir='ltr'>in</span> <span class='ocrx_word' id='word_1_56' title='bbox 1456 691 1598 744; x_wconf 83' lang='lat' dir='ltr'>globis</span> <span class='ocrx_word' id='word_1_57' title='bbox 1625 694 1809 737; x_wconf 84' lang='lat' dir='ltr'>diuersa·</span> 
     </span>
     <span class='ocr_line' id='line_1_9' title="bbox 537 752 1813 813; baseline 0.01 -22"><span class='ocrx_word' id='word_1_58' title='bbox 537 764 633 791; x_wconf 88' lang='lat' dir='ltr'>rum</span> <span class='ocrx_word' id='word_1_59' title='bbox 659 752 1009 805; x_wconf 76' lang='lat' dir='ltr'>magnitudinum</span> <span class='ocrx_word' id='word_1_60' title='bbox 1030 763 1155 795; x_wconf 85' lang='lat' dir='ltr'>erunt</span> <span class='ocrx_word' id='word_1_61' title='bbox 1177 752 1439 797; x_wconf 69' lang='lat' dir='ltr'>resistenti-ae</span> <span class='ocrx_word' id='word_1_62' title='bbox 1458 756 1502 797; x_wconf 87' lang='lat' dir='ltr'>in</span> <span class='ocrx_word' id='word_1_63' title='bbox 1523 759 1728 813; x_wconf 78' lang='lat' dir='ltr'>quadrata</span> <span class='ocrx_word' id='word_1_64' title='bbox 1740 774 1813 803; x_wconf 77' lang='lat' dir='ltr'>ra·</span> 
     </span>
     <span class='ocr_line' id='line_1_10' title="bbox 539 815 1024 859; baseline 0.004 -3"><span class='ocrx_word' id='word_1_65' title='bbox 539 815 666 859; x_wconf 83' lang='lat' dir='ltr'>tione</span> <span class='ocrx_word' id='word_1_66' title='bbox 690 817 1024 859; x_wconf 79' lang='lat' dir='ltr'>diametrorum.</span> 
     </span>
    </p>
   </div>
   <div class='ocr_carea' id='block_1_4' title="bbox 537 896 1817 2165">
    <p class='ocr_par' dir='ltr' id='par_1_4' title="bbox 537 896 1817 2165">
     <span class='ocr_line' id='line_1_11' title="bbox 658 896 1812 951; baseline 0.015 -17"><span class='ocrx_word' id='word_1_67' title='bbox 658 899 701 935; x_wconf 82' lang='lat'>6.</span> <span class='ocrx_word' id='word_1_68' title='bbox 776 896 819 938; x_wconf 89' lang='lat' dir='ltr'>Si</span> <span class='ocrx_word' id='word_1_69' title='bbox 839 909 940 938; x_wconf 67' lang='lat' dir='ltr'>vera</span> <span class='ocrx_word' id='word_1_70' title='bbox 963 896 1011 938; x_wconf 81' lang='lat' dir='ltr'>sit</span> <span class='ocrx_word' id='word_1_71' title='bbox 1033 909 1390 951; x_wconf 78' lang='lat' dir='ltr'>praememorata</span> <span class='ocrx_word' id='word_1_72' title='bbox 1411 903 1521 946; x_wconf 85' lang='lat' dir='ltr'>istius</span> <span class='ocrx_word' id='word_1_73' title='bbox 1546 905 1812 951; x_wconf 81' lang='lat' dir='ltr'>rcfistentiae</span> 
     </span>
     <span class='ocr_line' id='line_1_12' title="bbox 537 956 1810 1024; baseline 0.013 -27"><span class='ocrx_word' id='word_1_74' title='bbox 537 956 818 1011; x_wconf 78' lang='lat' dir='ltr'>hypothesis,</span> <span class='ocrx_word' id='word_1_75' title='bbox 860 961 965 1002; x_wconf 84' lang='lat' dir='ltr'>nihil</span> <span class='ocrx_word' id='word_1_76' title='bbox 1017 965 1296 1004; x_wconf 83' lang='lat' dir='ltr'>commodius</span> <span class='ocrx_word' id='word_1_77' title='bbox 1351 970 1545 1009; x_wconf 79' lang='lat' dir='ltr'>accidere</span> <span class='ocrx_word' id='word_1_78' title='bbox 1600 972 1810 1024; x_wconf 81' lang='lat' dir='ltr'>potuiffet</span> 
     </span>
     <span class='ocr_line' id='line_1_13' title="bbox 539 1023 1811 1080; baseline 0.012 -20"><span class='ocrx_word' id='word_1_79' title='bbox 539 1024 762 1074; x_wconf 83' lang='lat' dir='ltr'>computis</span> <span class='ocrx_word' id='word_1_80' title='bbox 780 1023 1081 1066; x_wconf 86' lang='lat' dir='ltr'>Geometricis</span> <span class='ocrx_word' id='word_1_81' title='bbox 1102 1042 1110 1065; x_wconf 88' lang='grc'>;</span> <span class='ocrx_word' id='word_1_82' title='bbox 1130 1028 1478 1080; x_wconf 79' lang='lat' dir='ltr'>quandoquidem</span> <span class='ocrx_word' id='word_1_83' title='bbox 1503 1032 1609 1071; x_wconf 83' lang='lat' dir='ltr'>nihil</span> <span class='ocrx_word' id='word_1_84' title='bbox 1629 1028 1717 1073; x_wconf 82' lang='lat' dir='ltr'>sere</span> <span class='ocrx_word' id='word_1_85' title='bbox 1731 1048 1811 1075; x_wconf 79' lang='lat' dir='ltr'>ex-</span> 
     </span>
     <span class='ocr_line' id='line_1_14' title="bbox 539 1086 1810 1142; baseline 0.009 -19"><span class='ocrx_word' id='word_1_86' title='bbox 539 1087 727 1137; x_wconf 78' lang='lat' dir='ltr'>cogitari</span> <span class='ocrx_word' id='word_1_87' title='bbox 748 1086 874 1138; x_wconf 78' lang='lat' dir='ltr'>possit</span> <span class='ocrx_word' id='word_1_88' title='bbox 899 1115 909 1137; x_wconf 83' lang='grc'>,</span> <span class='ocrx_word' id='word_1_89' title='bbox 948 1089 1064 1142; x_wconf 89' lang='lat' dir='ltr'>quod</span> <span class='ocrx_word' id='word_1_90' title='bbox 1085 1089 1259 1131; x_wconf 75' lang='lat' dir='ltr'>alterius</span> <span class='ocrx_word' id='word_1_91' title='bbox 1278 1090 1397 1131; x_wconf 83' lang='lat' dir='ltr'>huius</span> <span class='ocrx_word' id='word_1_92' title='bbox 1417 1092 1679 1134; x_wconf 78' lang='lat' dir='ltr'>resistentiae</span> <span class='ocrx_word' id='word_1_93' title='bbox 1700 1108 1810 1135; x_wconf 84' lang='lat' dir='ltr'>con·</span> 
     </span>
     <span class='ocr_line' id='line_1_15' title="bbox 539 1146 1808 1211; baseline 0.007 -22"><span class='ocrx_word' id='word_1_94' title='bbox 539 1146 747 1190; x_wconf 71' lang='lat' dir='ltr'>sideratio</span> <span class='ocrx_word' id='word_1_95' title='bbox 770 1151 922 1191; x_wconf 82' lang='lat' dir='ltr'>reddat</span> <span class='ocrx_word' id='word_1_96' title='bbox 947 1152 1158 1193; x_wconf 85' lang='lat' dir='ltr'>difficilius</span> <span class='ocrx_word' id='word_1_97' title='bbox 1203 1181 1215 1204; x_wconf 87' lang='lat'>,</span> <span class='ocrx_word' id='word_1_98' title='bbox 1267 1155 1368 1194; x_wconf 90' lang='lat' dir='ltr'>dum</span> <span class='ocrx_word' id='word_1_99' title='bbox 1389 1157 1531 1195; x_wconf 91' lang='lat' dir='ltr'>omnis</span> <span class='ocrx_word' id='word_1_100' title='bbox 1554 1158 1636 1197; x_wconf 78' lang='lat' dir='ltr'>alia</span> <span class='ocrx_word' id='word_1_101' title='bbox 1661 1158 1808 1211; x_wconf 87' lang='lat' dir='ltr'>hypo-</span> 
     </span>
     <span class='ocr_line' id='line_1_16' title="bbox 540 1210 1811 1270; baseline 0.008 -20"><span class='ocrx_word' id='word_1_102' title='bbox 540 1210 690 1262; x_wconf 74' lang='lat' dir='ltr'>thesis,</span> <span class='ocrx_word' id='word_1_103' title='bbox 729 1227 834 1266; x_wconf 76' lang='lat' dir='ltr'>quae</span> <span class='ocrx_word' id='word_1_104' title='bbox 857 1216 1149 1255; x_wconf 59' lang='lat' dir='ltr'>velocitatum</span> <span class='ocrx_word' id='word_1_105' title='bbox 1177 1218 1401 1257; x_wconf 74' lang='lat' dir='ltr'>rationem</span> <span class='ocrx_word' id='word_1_106' title='bbox 1428 1216 1556 1257; x_wconf 68' lang='lat' dir='ltr'>habet</span> <span class='ocrx_word' id='word_1_107' title='bbox 1576 1244 1590 1267; x_wconf 72' lang='lat'><strong><em>7</em></strong></span> <span class='ocrx_word' id='word_1_108' title='bbox 1625 1229 1811 1270; x_wconf 58' lang='lat' dir='ltr'>gieome-</span> 
     </span>
     <span class='ocr_line' id='line_1_17' title="bbox 539 1274 1811 1330; baseline 0.008 -16"><span class='ocrx_word' id='word_1_109' title='bbox 539 1274 651 1315; x_wconf 74' lang='lat' dir='ltr'>triae</span> <span class='ocrx_word' id='word_1_110' title='bbox 670 1275 856 1327; x_wconf 76' lang='lat' dir='ltr'>limites,</span> <span class='ocrx_word' id='word_1_111' title='bbox 893 1277 962 1316; x_wconf 70' lang='lat' dir='ltr'>vel</span> <span class='ocrx_word' id='word_1_112' title='bbox 986 1280 1132 1330; x_wconf 85' lang='lat' dir='ltr'>potius</span> <span class='ocrx_word' id='word_1_113' title='bbox 1152 1277 1500 1319; x_wconf 76' lang='lat' dir='ltr'>Geometrarum</span> <span class='ocrx_word' id='word_1_114' title='bbox 1519 1281 1633 1320; x_wconf 77' lang='lat' dir='ltr'>vires</span> <span class='ocrx_word' id='word_1_115' title='bbox 1653 1283 1695 1323; x_wconf 87' lang='lat' dir='ltr'>in</span> <span class='ocrx_word' id='word_1_116' title='bbox 1710 1295 1811 1324; x_wconf 87' lang='lat' dir='ltr'>mo·-</span> 
     </span>
     <span class='ocr_line' id='line_1_18' title="bbox 539 1338 1817 1401; baseline 0.011 -25"><span class='ocrx_word' id='word_1_117' title='bbox 539 1338 649 1377; x_wconf 86' lang='lat' dir='ltr'>tibus</span> <span class='ocrx_word' id='word_1_118' title='bbox 669 1339 917 1379; x_wconf 83' lang='lat' dir='ltr'>curuilineis</span> <span class='ocrx_word' id='word_1_119' title='bbox 947 1339 1070 1381; x_wconf 72' lang='lat' dir='ltr'>facile</span> <span class='ocrx_word' id='word_1_120' title='bbox 1100 1342 1444 1394; x_wconf 68' lang='lat' dir='ltr'>transgrediatur</span> <span class='ocrx_word' id='word_1_121' title='bbox 1499 1360 1507 1385; x_wconf 80' lang='lat'>2</span> <span class='ocrx_word' id='word_1_122' title='bbox 1565 1345 1817 1401; x_wconf 86' lang='lat' dir='ltr'>Vtrumque·</span> 
     </span>
     <span class='ocr_line' id='line_1_19' title="bbox 538 1402 1810 1459; baseline 0.01 -19"><span class='ocrx_word' id='word_1_123' title='bbox 538 1403 681 1455; x_wconf 76' lang='lat' dir='ltr'>posset</span> <span class='ocrx_word' id='word_1_124' title='bbox 707 1402 922 1457; x_wconf 54' lang='lat' dir='ltr'>exemplis</span> <span class='ocrx_word' id='word_1_125' title='bbox 943 1404 1160 1455; x_wconf 77' lang='lat' dir='ltr'>illustrari,</span> <span class='ocrx_word' id='word_1_126' title='bbox 1199 1407 1296 1459; x_wconf 82' lang='lat' dir='ltr'>quia</span> <span class='ocrx_word' id='word_1_127' title='bbox 1323 1419 1435 1447; x_wconf 84' lang='lat' dir='ltr'>vero</span> <span class='ocrx_word' id='word_1_128' title='bbox 1462 1405 1661 1452; x_wconf 63' lang='lat' dir='ltr'>haetenus</span> <span class='ocrx_word' id='word_1_129' title='bbox 1688 1411 1810 1452; x_wconf 80' lang='lat' dir='ltr'>absti-</span> 
     </span>
     <span class='ocr_line' id='line_1_20' title="bbox 538 1467 1811 1526; baseline 0.009 -21"><span class='ocrx_word' id='word_1_130' title='bbox 538 1467 610 1505; x_wconf 87' lang='lat' dir='ltr'>nui</span> <span class='ocrx_word' id='word_1_131' title='bbox 633 1479 653 1506; x_wconf 64' lang='grc' dir='ltr'>ει</span> <span class='ocrx_word' id='word_1_132' title='bbox 678 1467 1031 1508; x_wconf 75' lang='lat' dir='ltr'>consideratione</span> <span class='ocrx_word' id='word_1_133' title='bbox 1055 1478 1258 1508; x_wconf 87' lang='lat' dir='ltr'>motuum</span> <span class='ocrx_word' id='word_1_134' title='bbox 1278 1470 1643 1524; x_wconf 85' lang='lat' dir='ltr'>curuilineorum‚</span> <span class='ocrx_word' id='word_1_135' title='bbox 1681 1488 1811 1526; x_wconf 85' lang='lat' dir='ltr'>quam</span> 
     </span>
     <span class='ocr_line' id='line_1_21' title="bbox 540 1531 1811 1584; baseline 0.008 -14"><span class='ocrx_word' id='word_1_136' title='bbox 540 1532 583 1570; x_wconf 86' lang='lat' dir='ltr'>in</span> <span class='ocrx_word' id='word_1_137' title='bbox 612 1533 864 1584; x_wconf 76' lang='lat' dir='ltr'>proximam</span> <span class='ocrx_word' id='word_1_138' title='bbox 905 1531 1180 1571; x_wconf 63' lang='lat' dir='ltr'>occasionem</span> <span class='ocrx_word' id='word_1_139' title='bbox 1213 1532 1389 1572; x_wconf 87' lang='lat' dir='ltr'>reseruo</span> <span class='ocrx_word' id='word_1_140' title='bbox 1408 1561 1419 1583; x_wconf 84' lang='lat'>‚</span> <span class='ocrx_word' id='word_1_141' title='bbox 1459 1534 1510 1573; x_wconf 88' lang='lat' dir='ltr'>de</span> <span class='ocrx_word' id='word_1_142' title='bbox 1539 1535 1602 1576; x_wconf 89' lang='lat' dir='ltr'>his</span> <span class='ocrx_word' id='word_1_143' title='bbox 1623 1537 1729 1578; x_wconf 88' lang='lat' dir='ltr'>nihil</span> <span class='ocrx_word' id='word_1_144' title='bbox 1745 1539 1811 1580; x_wconf 81' lang='lat' dir='ltr'>su—</span> 
     </span>
     <span class='ocr_line' id='line_1_22' title="bbox 540 1594 1807 1652; baseline 0.009 -19"><span class='ocrx_word' id='word_1_145' title='bbox 540 1594 794 1648; x_wconf 81' lang='lat' dir='ltr'>peraddam.</span> <span class='ocrx_word' id='word_1_146' title='bbox 863 1594 966 1635; x_wconf 89' lang='lat' dir='ltr'>Non</span> <span class='ocrx_word' id='word_1_147' title='bbox 997 1594 1124 1634; x_wconf 81' lang='lat' dir='ltr'>aliter</span> <span class='ocrx_word' id='word_1_148' title='bbox 1143 1606 1270 1647; x_wconf 78' lang='lat' dir='ltr'>quam</span> <span class='ocrx_word' id='word_1_149' title='bbox 1299 1595 1474 1648; x_wconf 83' lang='lat' dir='ltr'>physice</span> <span class='ocrx_word' id='word_1_150' title='bbox 1501 1610 1807 1652; x_wconf 83' lang='lat' dir='ltr'>argumentum</span> 
     </span>
     <span class='ocr_line' id='line_1_23' title="bbox 540 1657 1809 1714; baseline 0.011 -18"><span class='ocrx_word' id='word_1_151' title='bbox 540 1658 740 1712; x_wconf 74' lang='lat' dir='ltr'>praesc-ns</span> <span class='ocrx_word' id='word_1_152' title='bbox 792 1669 1050 1709; x_wconf 83' lang='lat' dir='ltr'>percurrere</span> <span class='ocrx_word' id='word_1_153' title='bbox 1101 1657 1306 1699; x_wconf 84' lang='lat' dir='ltr'>constitui</span> <span class='ocrx_word' id='word_1_154' title='bbox 1336 1687 1347 1711; x_wconf 74' lang='lat'><strong><em>7</em></strong></span> <span class='ocrx_word' id='word_1_155' title='bbox 1388 1660 1513 1714; x_wconf 81' lang='lat' dir='ltr'>idque</span> <span class='ocrx_word' id='word_1_156' title='bbox 1569 1664 1762 1708; x_wconf 89' lang='lat' dir='ltr'>breuiter</span> <span class='ocrx_word' id='word_1_157' title='bbox 1799 1684 1809 1710; x_wconf 74' lang='grc' dir='ltr'>ε</span> 
     </span>
     <span class='ocr_line' id='line_1_24' title="bbox 544 1721 1809 1783; baseline 0.009 -23"><span class='ocrx_word' id='word_1_158' title='bbox 544 1721 912 1761; x_wconf 74' lang='lat' dir='ltr'>considerabimus</span> <span class='ocrx_word' id='word_1_159' title='bbox 965 1723 1109 1776; x_wconf 83' lang='lat' dir='ltr'>itaque</span> <span class='ocrx_word' id='word_1_160' title='bbox 1169 1721 1307 1763; x_wconf 86' lang='lat' dir='ltr'>casum</span> <span class='ocrx_word' id='word_1_161' title='bbox 1366 1724 1516 1766; x_wconf 78' lang='lat' dir='ltr'>saltem</span> <span class='ocrx_word' id='word_1_162' title='bbox 1575 1727 1809 1783; x_wconf 75' lang='lat' dir='ltr'>simplicis-</span> 
     </span>
     <span class='ocr_line' id='line_1_25' title="bbox 540 1783 1806 1848; baseline 0.009 -24"><span class='ocrx_word' id='word_1_163' title='bbox 540 1783 717 1833; x_wconf 77' lang='lat' dir='ltr'>simum,</span> <span class='ocrx_word' id='word_1_164' title='bbox 760 1798 922 1839; x_wconf 83' lang='lat' dir='ltr'>nempe</span> <span class='ocrx_word' id='word_1_165' title='bbox 944 1798 1040 1826; x_wconf 89' lang='lat' dir='ltr'>cum</span> <span class='ocrx_word' id='word_1_166' title='bbox 1071 1783 1278 1838; x_wconf 82' lang='lat' dir='ltr'>globusin</span> <span class='ocrx_word' id='word_1_167' title='bbox 1302 1789 1624 1832; x_wconf 82' lang='lat' dir='ltr'>medioleviori</span> <span class='ocrx_word' id='word_1_168' title='bbox 1646 1807 1667 1833; x_wconf 81' lang='lat' dir='ltr'>a</span> <span class='ocrx_word' id='word_1_169' title='bbox 1684 1796 1806 1848; x_wconf 87' lang='lat' dir='ltr'>quie-</span> 
     </span>
     <span class='ocr_line' id='line_1_26' title="bbox 543 1849 1806 1906; baseline 0.009 -17"><span class='ocrx_word' id='word_1_170' title='bbox 543 1859 587 1889; x_wconf 90' lang='lat' dir='ltr'>te</span> <span class='ocrx_word' id='word_1_171' title='bbox 607 1850 880 1890; x_wconf 66' lang='lat' dir='ltr'>verticaliter</span> <span class='ocrx_word' id='word_1_172' title='bbox 905 1850 1148 1897; x_wconf 81' lang='lat' dir='ltr'>descendit,</span> <span class='ocrx_word' id='word_1_173' title='bbox 1185 1859 1231 1890; x_wconf 77' lang='lat' dir='ltr'>vt</span> <span class='ocrx_word' id='word_1_174' title='bbox 1245 1849 1348 1892; x_wconf 67' lang='lat' dir='ltr'>faeta</span> <span class='ocrx_word' id='word_1_175' title='bbox 1369 1858 1708 1906; x_wconf 79' lang='lat' dir='ltr'>comparatione</span> <span class='ocrx_word' id='word_1_176' title='bbox 1730 1871 1806 1900; x_wconf 85' lang='lat' dir='ltr'>ex-</span> 
     </span>
     <span class='ocr_line' id='line_1_27' title="bbox 542 1913 1809 1976; baseline 0.009 -24"><span class='ocrx_word' id='word_1_177' title='bbox 542 1915 792 1967; x_wconf 77' lang='lat' dir='ltr'>perimenta</span> <span class='ocrx_word' id='word_1_178' title='bbox 816 1915 933 1954; x_wconf 85' lang='lat' dir='ltr'>iuter</span> <span class='ocrx_word' id='word_1_179' title='bbox 960 1925 1003 1954; x_wconf 79' lang='lat' dir='ltr'>et</span> <span class='ocrx_word' id='word_1_180' title='bbox 1032 1913 1240 1955; x_wconf 80' lang='lat' dir='ltr'>calculum</span> <span class='ocrx_word' id='word_1_181' title='bbox 1281 1928 1488 1968; x_wconf 79' lang='lat' dir='ltr'>appareat</span> <span class='ocrx_word' id='word_1_182' title='bbox 1519 1947 1529 1969; x_wconf 85' lang='lat'>‚</span> <span class='ocrx_word' id='word_1_183' title='bbox 1587 1934 1809 1976; x_wconf 81' lang='lat' dir='ltr'>quousque</span> 
     </span>
     <span class='ocr_line' id='line_1_28' title="bbox 542 1977 1809 2032; baseline 0.009 -16"><span class='ocrx_word' id='word_1_184' title='bbox 542 1977 786 2032; x_wconf 76' lang='lat' dir='ltr'>positiones</span> <span class='ocrx_word' id='word_1_185' title='bbox 808 1991 903 2018; x_wconf 90' lang='lat' dir='ltr'>cum</span> <span class='ocrx_word' id='word_1_186' title='bbox 926 1979 989 2018; x_wconf 87' lang='lat' dir='ltr'>rei</span> <span class='ocrx_word' id='word_1_187' title='bbox 1008 1988 1157 2018; x_wconf 79' lang='lat' dir='ltr'>natura</span> <span class='ocrx_word' id='word_1_188' title='bbox 1181 1981 1460 2022; x_wconf 75' lang='lat' dir='ltr'>conueniant.</span> <span class='ocrx_word' id='word_1_189' title='bbox 1565 1985 1809 2027; x_wconf 80' lang='lat' dir='ltr'>Fatendum</span> 
     </span>
     <span class='ocr_line' id='line_1_29' title="bbox 542 2040 1806 2100; baseline 0.008 -19"><span class='ocrx_word' id='word_1_190' title='bbox 542 2042 717 2095; x_wconf 87' lang='lat' dir='ltr'>quidem</span> <span class='ocrx_word' id='word_1_191' title='bbox 739 2040 828 2091; x_wconf 83' lang='lat' dir='ltr'>est,</span> <span class='ocrx_word' id='word_1_192' title='bbox 871 2042 1042 2094; x_wconf 74' lang='lat' dir='ltr'>aptiora</span> <span class='ocrx_word' id='word_1_193' title='bbox 1061 2042 1158 2082; x_wconf 88' lang='lat' dir='ltr'>huic</span> <span class='ocrx_word' id='word_1_194' title='bbox 1180 2041 1373 2083; x_wconf 85' lang='lat' dir='ltr'>instituto</span> <span class='ocrx_word' id='word_1_195' title='bbox 1394 2047 1726 2100; x_wconf 83' lang='lat' dir='ltr'>quodammodo</span> <span class='ocrx_word' id='word_1_196' title='bbox 1741 2062 1806 2090; x_wconf 83' lang='lat' dir='ltr'>es·</span> 
     </span>
     <span class='ocr_line' id='line_1_30' title="bbox 543 2105 1807 2165; baseline 0.007 -19"><span class='ocrx_word' id='word_1_197' title='bbox 543 2105 585 2147; x_wconf 89' lang='lat' dir='ltr'>se</span> <span class='ocrx_word' id='word_1_198' title='bbox 614 2105 922 2159; x_wconf 77' lang='lat' dir='ltr'>experimenta</span> <span class='ocrx_word' id='word_1_199' title='bbox 949 2107 998 2148; x_wconf 83' lang='lat' dir='ltr'>ab</span> <span class='ocrx_word' id='word_1_200' title='bbox 1029 2106 1366 2151; x_wconf 65' lang='lat' dir='ltr'>osculationibus</span> <span class='ocrx_word' id='word_1_201' title='bbox 1387 2122 1630 2165; x_wconf 82' lang='lat' dir='ltr'>corporum</span> <span class='ocrx_word' id='word_1_202' title='bbox 1648 2113 1690 2154; x_wconf 87' lang='lat' dir='ltr'>in</span> <span class='ocrx_word' id='word_1_203' title='bbox 1712 2127 1807 2154; x_wconf 88' lang='lat' dir='ltr'>me-</span> 
     </span>
    </p>
   </div>
   <div class='ocr_carea' id='block_1_5' title="bbox 1729 2177 1805 2219">
    <p class='ocr_par' dir='ltr' id='par_1_5' title="bbox 1729 2177 1805 2219">
     <span class='ocr_line' id='line_1_31' title="bbox 1729 2177 1805 2219; baseline 0 0"><span class='ocrx_word' id='word_1_204' title='bbox 1729 2177 1805 2219; x_wconf 77' lang='lat' dir='ltr'>dio</span> 
     </span>
    </p>
   </div>
  </div>
 </body>
</html>
