2013 2719
514 177 533 207 1
546 166 607 217 98
828 154 916 201 DE
955 150 1122 198 THER
1130 149 1226 199 Mo
1234 149 1479 198 METRJS

509 272 624 312 niam
647 276 835 309 externo
865 263 954 305 aeri
973 263 1137 303 aditum
1166 261 1486 315 praecluserunt
1533 278 1545 314 3
1595 262 1664 304 sed
1686 262 1778 304 aliis

507 335 739 377 subiectam
759 328 1082 379 incommodis,
1122 339 1227 382 quae
1251 339 1342 367 non
1366 328 1514 368 omnia
1533 329 1775 382 exprobra-

510 401 548 440 ri
568 398 702 450 vulgo
724 396 880 436 soient.

630 477 673 514 9.
742 457 1072 501 Phialamfftenui
1093 456 1198 497 tubo
1217 457 1421 505 iunctam,
1447 466 1489 495 et
1513 465 1682 508 partem
1710 466 1777 497 tu-

512 528 554 567 bi
577 527 718 580 ipsuis,
740 525 891 578 spiritu
913 523 1003 562 vini
1026 520 1234 561 colorato
1264 521 1572 573 repleverunt,
1616 529 1658 559 et
1680 517 1779 559 her-

510 593 674 632 metice
719 589 869 629 tubum
905 585 1140 638 sigili-arunt
1169 597 1176 622 t
1214 584 1625 638 longitudinemque
1646 583 1782 625 tubuli

513 654 706 696 numeris
727 653 768 692 in
791 653 876 693 suas
899 661 1044 703 partes
1065 650 1297 690 diuiserunt
1319 676 1330 699 ‚
1371 648 1537 701 zyphra
1567 647 1783 700 signantes

510 719 663 760 locum
686 745 697 768 ,
739 729 867 771 quem
887 715 1058 767 spiritus
1082 714 1262 766 attingit
1290 714 1512 766 temperie
1534 714 1645 753 aeris
1666 713 1782 753 inter

512 783 644 836 frigus
668 792 709 821 et
731 781 927 822 calorem
952 778 1192 820 interieffl.

638 861 655 886 1
670 860 713 887 o.
780 846 859 887 Hic
881 844 1029 896 vtique
1043 842 1177 882 multa
1195 843 1442 891 incurrunt,
1484 853 1590 895 quae
1613 840 1784 894 scrupu-

513 910 603 951 lum
624 910 798 951 faciunt.
885 905 1143 948 Arbita-aria
1172 907 1228 945 est
1255 906 1456 947 haetenus
1478 905 1621 960 divisio
1651 905 1785 945 tubuli

516 988 594 1018 nec
615 975 834 1028 quisquam
856 971 913 1010 est
935 997 946 1020 ‚
987 970 1057 1022 qui
1077 969 1293 1022 spondere
1314 970 1416 1009 ausit
1448 997 1459 1018 ‚
1500 970 1787 1024 recept-amin

515 1050 662 1092 partes
682 1034 878 1090 aequales
892 1033 1112 1074 diuidendi
1125 1032 1387 1072 methodum
1398 1032 1665 1083 respondere
1678 1044 1785 1082 pro-

517 1102 723 1158 portioni
760 1099 916 1140 caloris
937 1107 1007 1137 aut
1031 1096 1217 1149 frigoris.

649 1180 666 1205 1
684 1180 723 1205 1.
792 1164 905 1220 Quin
928 1163 1040 1212 imo,
1078 1161 1107 1200 fi
1125 1160 1225 1214 quid
1247 1159 1497 1199 coniectura
1517 1156 1787 1209 assequipos-

516 1231 675 1279 sumus,
699 1229 934 1282 praestaret
955 1227 1124 1278 vtique,
1161 1223 1389 1263 diuisiones
1417 1220 1560 1273 quoad
1594 1219 1788 1269 longitu-

520 1295 668 1334 dinem
707 1290 841 1332 tubuli
870 1287 1113 1341 inaequales
1140 1286 1404 1326 admittere:
1444 1284 1702 1336 easdemque
1724 1282 1790 1321 in·-

517 1359 694 1399 stituete
719 1367 801 1408 pro
825 1353 1069 1406 capacitate
1094 1348 1226 1391 tubuli
1249 1360 1291 1389 et
1314 1347 1485 1403 phialae
1505 1347 1791 1388 coniunctim.

517 1423 587 1464 Ita
610 1419 750 1461 saltim
771 1419 856 1459 hoc
881 1417 1103 1457 obtineres
1124 1443 1135 1465 ‚
1175 1424 1223 1454 vt
1245 1412 1448 1453 conferre
1470 1412 1626 1452 liceret
1663 1409 1791 1452 volu-

523 1488 641 1527 mina
662 1483 834 1537 spiritus
857 1479 1033 1532 expansi
1056 1489 1098 1517 et
1120 1477 1350 1518 contrac‘ti.

653 1563 670 1587 1
687 1562 725 1587 2.
798 1544 883 1586 Sed
901 1553 973 1583 non
994 1541 1227 1595 ideostatim
1248 1538 1397 1578 inferri
1419 1538 1562 1591 posset
1610 1564 1621 1586 ‚
1671 1536 1791 1577 calo-

523 1625 618 1654 rem
641 1622 776 1651 vnum
798 1606 882 1647 effe
903 1607 954 1646 ad
973 1604 1158 1645 alterum
1178 1604 1219 1643 in
1239 1604 1413 1642 ratione
1431 1601 1722 1642 voluminum.
1742 1601 1793 1642 Id.

527 1673 804 1729 experiundo
826 1671 986 1711 discere
1015 1677 1214 1723 oportet.
1271 1667 1471 1720 Namque
1501 1666 1790 1706 coniectatio-

523 1753 579 1782 ne
606 1739 754 1792 potius
774 1735 1046 1779 contrarium
1071 1732 1180 1773 mihi
1204 1730 1480 1784 persuadeam
1505 1747 1511 1771 2
1533 1730 1559 1769 si
1581 1728 1791 1782 expansio

526 1803 694 1858 pendet
717 1814 739 1841 a
759 1801 944 1842 materia
974 1797 1157 1853 quadam
1179 1794 1383 1838 interflua
1403 1794 1599 1849 spiritui,
1637 1803 1685 1834 vt
1698 1791 1794 1834 vul-

525 1882 586 1924 go
609 1867 840 1909 credimus.

656 1946 673 1971 1
688 1946 730 1983 3.
798 1930 911 1970 Tum
932 1939 1042 1968 vero
1063 1925 1196 1968 etiam
1218 1923 1322 1965 illud
1349 1923 1512 1977 grande
1540 1923 1795 1964 incommo-

532 1997 635 2038 dum
659 1996 739 2044 est,
780 1993 899 2048 quod
918 1989 1170 2047 exsuprema
1189 1989 1278 2031 tubi
1294 1995 1417 2042 parte
1443 1987 1670 2029 enascitur.
1717 1985 1796 2024 Vis

532 2060 615 2101 effe
635 2070 809 2100 vacuam
834 2058 882 2098 ab
902 2069 1001 2097 aere
1037 2053 1053 2095 ,ἶ
1088 2054 1205 2109 quod
1225 2052 1320 2094 fieri
1347 2052 1514 2107 potest,
1555 2050 1795 2090 fiadeoex-

530 2124 693 2180 pandas
720 2124 844 2166 auc'to
866 2122 1013 2164 calore
1033 2120 1229 2178 spiritum
1250 2145 1262 2171 ,
1302 2127 1349 2160 vt
1371 2125 1541 2159 tantum
1559 2127 1650 2157 non
1663 2113 1796 2154 attin-

1724 2184 1797 2233 gat
