2013 2719
586 219 983 270 COCHLEATIS.
1351 240 1369 266 1
1384 238 1406 277 ς
1416 241 1443 279 9

172 347 253 390 qua
272 332 460 387 incepit,
493 332 652 373 iterum
673 333 838 386 tangit,
877 330 1114 385 longitudo
1141 328 1281 372 lineae
1303 332 1447 373 rectae

175 401 283 440 duos
296 400 427 454 pedes
441 397 646 448 absoluat,
663 407 706 439 et
718 397 908 437 formata
926 396 1105 437 tandem
1121 395 1322 436 machina
1343 408 1447 437 exa«

174 466 316 505 randis
338 462 445 503 tubis
465 460 705 502 cochleatis
734 471 851 514 apta,
880 462 932 500 ad
958 472 1087 514 quam
1108 460 1449 502 construendam

174 530 321 569 tubum
346 526 623 567 cochleatum
644 527 692 566 ab
714 526 800 566 alio
823 525 1029 577 magistro
1059 537 1144 577 pro
1168 526 1353 566 modulo
1376 525 1450 566 fibi

177 601 454 645 comparant,
469 590 628 632 nullam
643 591 826 643 amplius
837 591 906 632 vel
920 588 1221 631 extensiorem
1244 589 1451 639 foi-mam,

173 657 242 698 vel
265 656 556 696 concisior-em
607 683 617 705 ,
690 668 797 709 quae
821 653 1076 706 difficilior,
1119 653 1229 695 tubis
1254 653 1448 694 incidere

175 720 370 772 valeant,
411 731 537 774 quam
565 732 671 774 quae
699 719 895 773 ipsorum
922 717 1150 759 machinae
1180 718 1447 772 respondet,

179 796 221 826 et
241 785 327 827 fine
348 785 471 833 tubo,
504 785 651 838 inquo
679 784 807 825 aliter
827 782 981 824 incisae
1009 782 1100 824 sunt
1124 781 1301 834 helices,
1320 782 1452 823 aliam

178 849 367 890 formam
393 848 436 888 in
467 859 587 887 nouo
619 848 725 888 tubo
758 847 1041 888 conficiendo
1063 859 1219 901 parare
1240 847 1448 887 nesciunt.

177 913 328 956 Inueni
350 920 391 952 et
411 912 453 950 in
469 913 626 964 praxin
650 912 809 952 deduxi
822 911 1101 963 methodum,
1120 923 1202 965 qua
1224 911 1450 952 mediante

180 980 231 1020 ad
251 976 438 1032 quamuis
460 976 607 1016 datam
627 974 957 1029 longitudinem
979 987 1001 1015 v
1012 986 1086 1015 nus
1107 975 1313 1015 circuitus
1340 974 1449 1014 heli-

176 1053 273 1083 cum
297 1039 479 1081 formari
501 1039 648 1094 potest
672 1069 683 1093 ‚
723 1053 768 1082 et
790 1039 966 1095 quidem
1003 1037 1266 1084 exactiffime
1295 1038 1451 1093 absque

172 1105 285 1146 vitio
307 1103 350 1144 in
372 1105 555 1147 circuitu
574 1105 765 1147 helicum
784 1103 1041 1146 metuendo.

299 1183 370 1209 12.
441 1171 680 1212 Formetur
715 1171 783 1222 (1)
821 1181 877 1212 ex
904 1168 1056 1211 charta
1084 1167 1450 1222 parallelogram—

176 1245 311 1284 mum,
339 1234 458 1286 quod
479 1236 630 1277 exacte
657 1234 862 1288 cylindro
882 1234 1034 1287 ligneo
1064 1234 1453 1285 circumuoluturn,

178 1308 277 1336 eum
300 1297 523 1339 includere
543 1307 695 1350 aptum
718 1298 787 1339 est.

296 1360 362 1409 (2)
401 1358 635 1411 Cylindrus
662 1369 800 1400 torno
831 1368 1030 1401 accurate
1057 1360 1107 1399 fit
1143 1360 1388 1400 elaboratus
1422 1374 1448 1411 3

180 1422 270 1464 fere
291 1422 454 1476 digitos
474 1423 518 1463 in
538 1422 759 1479 diametro
782 1422 942 1464 habens
986 1451 997 1474 ,
1070 1423 1309 1477 longitudo
1328 1422 1377 1464 fit
1399 1423 1453 1464 ad

178 1486 400 1540 placitum.

293 1551 362 1602 (3)
428 1548 472 1593 Si
491 1551 635 1605 itaque
675 1550 942 1593 desideretur
980 1546 1179 1592 distantia
1206 1550 1358 1591 helicis
1376 1546 1454 1604 cy-'

180 1613 324 1654 lindro
338 1615 659 1668 imprimendae
678 1615 802 1657 vnius
822 1616 958 1669 pediS,
976 1623 1024 1655 vt
1038 1615 1154 1656 intra
1172 1614 1282 1655 hanc
1303 1613 1450 1668 longi-

184 1678 378 1722 tudinem
397 1678 517 1721 helix
536 1693 670 1722 vnum
692 1680 923 1721 circuitum
946 1679 1156 1730 absoluat,
1445 1673 1450 1675 ’

299 1744 365 1797 (4)
427 1744 691 1786 Delineetur
710 1744 948 1800 longitudo
966 1745 1090 1786 vnius
1104 1743 1284 1798 pedisin
1305 1742 1451 1798 paral-

184 1805 477 1861 lelogrammo
498 1808 748 1861 chartaceo,
770 1811 813 1850 in
832 1819 1023 1863 Vtroque
1041 1809 1182 1851 latere
1204 1808 1453 1862 longitudi-

186 1871 279 1912 nari
315 1900 326 1923 ,
362 1882 406 1913 et
423 1886 500 1927 per
516 1873 798 1917 latitudinem
820 1874 999 1915 ducatur
1016 1876 1134 1916 rec‘ta
1160 1901 1171 1924 ‚
1212 1882 1257 1914 et
1279 1872 1355 1914 fiat
1382 1881 1450 1913 et-

185 1935 272 1976 iam
306 1936 347 1976 in
383 1938 803 1992 parallelogrammo
843 1940 923 1980 isto
954 1951 1088 1981 vnum
1117 1938 1279 1993 pedem
1306 1936 1453 1992 longo

187 1997 438 2052 diagonalis.
538 2005 636 2046 Hoc
675 2013 904 2058 repetatur
925 2004 969 2045 in
998 2014 1113 2044 noua
1133 2002 1282 2045 charta
1302 2002 1455 2055 totie5‚

185 2065 355 2118 quoties
374 2065 606 2121 longitudo
626 2069 815 2121 cylindri
837 2069 878 2110 id
900 2068 1093 2122 requirit.

299 2132 366 2181 (5)
403 2133 787 2176 Circumuoluatur
816 2132 1283 2187 parallelogrammum
1309 2131 1450 2183 cylin«

189 2190 268 2232 dro
291 2203 332 2232 et
350 2196 640 2250 agglutinetur
658 2201 785 2256 super
804 2198 1123 2253 cyliiidrum2vt
1136 2196 1274 2241 latera
1287 2195 1452 2238 sibiex⁴

190 2252 303 2298 Tom.
321 2257 398 2305 ΠΙ,
887 2262 929 2314 Y
1355 2261 1450 2302 aste
