2013 2719
191 154 717 216 OBSERVATIONES
754 126 937 203 0ch
973 149 1289 201 mmmm.
1341 169 1430 211 2¹71

156 275 281 318 illam
300 273 414 315 flore
435 280 479 313 et
501 270 635 314 frustu
655 269 704 311 ab
726 266 874 311 Alfine
895 266 1090 308 maxime
1107 265 1193 308 effe
1212 264 1439 306 diuersam,

158 339 305 382 Petala
326 339 446 378 enim
465 336 589 377 floris
609 348 701 375 non
720 334 812 375 sunt
831 331 962 373 bifida
983 359 993 382 ,
1033 333 1100 374 vti
1119 332 1162 372 in
1180 330 1353 382 Alfine,
1369 329 1442 370 sed

160 405 385 454 r0‚tunda‚
427 401 538 456 quafi
559 400 695 453 crispa
723 426 735 449 ‚
778 410 879 438 raro
909 396 1095 438 multum
1123 406 1277 450 aperta
1316 422 1327 448 7
1369 394 1441 435 sed

162 471 419 523 plerumque
437 466 674 506 contracta.
745 462 921 503 Frud'cus
946 460 1004 501 est
1031 473 1087 502 ex
1117 472 1253 502 ouato
1276 459 1440 501 acumi-

164 544 285 575 natus
304 560 315 583 ‚
354 530 485 572 tribus
506 528 640 571 valuis
660 526 907 575 dehiscens,
948 524 1178 565 seminibus
1197 524 1339 566 foetus
1362 522 1440 563 ali·

163 608 270 652 quot
289 595 500 637 rotundis.
569 593 639 635 Ex
659 592 722 633 his
742 600 892 646 patet,
933 590 1051 643 quod
1079 590 1215 643 magis
1236 601 1335 630 cum
1352 588 1440 628 Te-

163 662 317 716 lephio
339 659 542 713 legitimo
559 657 778 712 Imperati
796 655 1032 696 conueniat
1060 667 1191 708 quam
1231 666 1329 695 cum
1359 651 1441 693 Al-

161 726 272 778 fine,
311 737 331 764 a
349 737 428 777 qua
449 732 680 777 praeterea
699 732 805 762 toto
825 719 974 760 habitu
1002 718 1163 759 differt.
1266 716 1442 762 Referri

163 793 307 845 itaque
329 788 379 828 ad
397 786 662 840 Telephium
684 797 727 827 et
744 783 1010 837 Telephium
1033 783 1306 824 maritimum
1332 783 1440 823 Por-

163 854 331 897 tulacae
350 850 460 892 folio
481 851 564 889 dici
585 850 770 902 poterit.
875 847 918 888 Si
956 847 1046 901 quis
1079 857 1230 888 tamen
1258 846 1314 887 ob
1335 845 1443 888 folia

164 921 395 970 coniugata
414 915 465 956 ad
483 912 847 955 Heli-anthemum
867 910 1033 952 referre
1054 911 1232 962 mallet,
1257 922 1328 952 me
1350 923 1443 953 non

162 982 333 1023 habebit
354 978 662 1021 diffonantem.

276 1041 616 1098 Plantaginellae
654 1053 818 1082 nouum
856 1053 990 1094 genus
1011 1039 1115 1081 fecit
1141 1040 1272 1082 Raius
1292 1038 1435 1081 Meth.

161 1120 244 1149 em.
268 1109 337 1149 sed
358 1109 519 1149 florem
540 1117 664 1162 putat
687 1107 770 1147 esse
792 1104 1127 1160 pentapetalum
1150 1133 1160 1155 ‚
1195 1105 1265 1159 qui
1288 1114 1440 1145 tamen

159 1174 474 1226 monopetalus
494 1173 537 1211 in
557 1173 743 1226 quinque
766 1171 938 1212 lacinias
951 1170 1157 1212 diffec‘tus.
1229 1168 1440 1210 subplan—

159 1237 316 1287 taginis
334 1238 553 1289 aquaticae
569 1249 679 1277 vero
698 1237 918 1288 speciebus
937 1249 993 1276 ex
1013 1232 1440 1278 obseruationePluk.

158 1309 318 1339 contra
356 1301 595 1340 Hermann.
626 1301 671 1339 in
708 1300 838 1338 Hort.
863 1300 910 1339 L.
939 1299 988 1339 B.
1010 1298 1116 1337 haec
1144 1297 1295 1350 planta
1316 1309 1440 1337 com-

161 1362 375 1415 prehendi
396 1364 559 1416 nequit.

287 1427 683 1468 NouamLunariae
708 1424 898 1477 speciem
910 1423 1012 1465 fecit
1033 1424 1248 1477 Breynius
1263 1424 1440 1466 Cent.I.

159 1502 283 1543 quam
304 1501 436 1530 vocat
454 1491 686 1531 Lunariam
708 1487 819 1528 folio
843 1488 1227 1529 Mati-icariaezsed
1246 1488 1441 1529 illanihil

162 1554 272 1594 aliud
294 1554 373 1605 est,
413 1567 538 1607 quam
558 1553 743 1609 Lunaria
761 1550 952 1605 vulgaris
984 1579 994 1602 ,
1038 1564 1350 1606 nonnunquam
1380 1554 1441 1594 ita

163 1620 354 1668 variam,
394 1627 441 1659 vt
461 1618 765 1671 magnitudine
785 1628 831 1656 ac
854 1629 1081 1658 ramorum
1105 1617 1266 1657 maiori
1288 1629 1441 1658 nurne-

164 1695 217 1723 ro
241 1695 321 1736 pro
345 1683 505 1723 diuersa
530 1684 672 1737 specie
700 1684 920 1735 imponat.
1027 1681 1234 1722 Varietas
1254 1683 1439 1735 pariter,

166 1759 255 1786 non
278 1747 462 1788 distinffra
482 1748 643 1801 species
674 1760 695 1787 a
714 1747 901 1788 Lunaria
920 1744 1089 1800 vulgari
1123 1763 1129 1786 :
1167 1746 1354 1787 Lunaria
1373 1746 1441 1786 fo-

162 1811 226 1852 lio
256 1811 464 1852 Adianthi
492 1813 684 1853 eiusdem
704 1811 900 1864 Breynii.
977 1811 1145 1851 Omnes
1170 1810 1347 1851 nostrae
1367 1811 1441 1852 In-

163 1876 282 1927 griae
304 1876 398 1916 satis
418 1876 666 1931 frequentes
690 1877 868 1931 plantae
916 1902 928 1926 ,
971 1885 1014 1915 et
1044 1874 1150 1915 folia
1170 1875 1214 1915 in
1241 1888 1326 1915 vna
1351 1875 1439 1915 sae-

163 1951 219 1992 pe
240 1939 386 1993 planta
401 1942 518 1983 varie
546 1941 698 1983 ludunt
720 1952 763 1982 et
786 1940 950 1982 diuersa
971 1939 1255 1993 proueniunt.

279 2003 474 2046 Genuina
498 2007 630 2049 Musei
651 2006 814 2060 species
839 2005 896 2046 est
917 2003 1386 2057 MuscusNorwegicus
1425 2030 1437 2055 ,

164 2067 417 2110 vmbraculo
462 2068 709 2114 ruberrimo
753 2069 978 2123 insignitus
1025 2068 1133 2112 Mus.
1175 2069 1264 2110 Pet.
1307 2081 1439 2122 quem

161 2129 498 2236 {ournefortius
515 2137 760 2191 incongrue
786 2133 1047 2178 Lichenibus
1075 2133 1349 2176 accensuitet
1367 2133 1439 2173 Li-

166 2191 183 2204 '
209 2206 281 2236 om.
302 2197 378 2239 ΙΙΙ.
855 2198 939 2242 Nn
1333 2196 1436 2238 che==
