2013 2719
1027 80 1044 97 'x

638 146 1008 200 SCYTHICAE‚
1354 168 1378 209 3
1389 160 1450 209 63

166 261 266 309 doti
284 270 431 305 aetate
461 259 682 304 exstabant
702 287 714 312 ‚
773 259 957 315 Scythas
986 258 1095 302 elabi
1133 259 1316 316 patitur.
1385 260 1458 304 Illi

166 342 278 372 vero
302 341 380 383 per
402 327 647 381 superiores
667 326 875 379 regiones
898 328 944 366 in
965 325 1192 379 Scythiam
1216 327 1268 368 ad
1288 327 1460 369 maiora

167 396 298 437 castra
319 392 476 447 populi
504 392 566 432 sui
586 392 626 432 se
654 400 935 444 receperunt.
1003 391 1162 433 Darius
1184 405 1284 433 cum
1306 392 1354 433 ab
1379 405 1456 433 oc-

168 461 260 502 casu
279 457 319 498 se
339 458 619 499 ostenderent
642 454 831 509 Scythae
851 483 862 506 ,
902 456 1050 498 relieta
1071 457 1351 498 castellorum
1375 470 1453 499 exe

168 522 497 573 aedificatione,
539 521 699 562 eodem
720 520 759 561 se
782 520 934 562 vertit.
1022 519 1213 573 Scythae
1236 522 1308 562 vbi
1347 531 1458 565 toto

168 590 235 629 die
258 587 468 628 elusissent
488 586 629 628 Persas
651 613 662 637 ,
722 598 820 626 cum
852 586 1040 627 tumultu
1072 586 1112 627 se
1136 587 1189 626 ad
1219 586 1453 628 Melanch-

163 653 315 694 laenos
337 651 601 702 conserunt,
644 650 808 691 eodem
831 665 853 691 e
874 650 1061 704 vestigio
1085 651 1248 692 Persae.
1351 652 1452 693 Hoc

166 718 347 771 ancipiti
366 714 483 757 malo
507 714 835 757 Melanchlaeni
854 715 1013 756 cedere
1035 717 1199 767 coacti,
1238 715 1452 770 cumScy-

165 782 251 823 this
270 784 308 825 se
328 779 516 820 inferunt
540 781 581 821 in
601 778 1014 834 Androphagorum
1034 781 1296 833 regionem,
1323 790 1453 835 atque

164 847 266 888 inde
301 858 397 887 cum
424 844 741 897 Androphagis
770 845 821 883 ad
841 846 1019 887 Neuros
1039 858 1210 899 quoque
1230 845 1451 887 secedunt.

161 911 257 954 Iam
281 910 421 951 omnis
438 908 509 950 illa
529 908 769 949 multitudo
801 934 811 959 ,
871 907 1146 962 sequentibus
1173 908 1450 963 Perlis,Aga-

164 975 335 1026 thyrsos
374 985 544 1028 quoque
584 973 864 1014 concitatura
906 983 1000 1013 erat
1022 1000 1032 1023 ,
1074 986 1173 1013 cum
1211 974 1453 1028 Agathyrsi

111 1073 113 1075 ,
160 1035 425 1089 Scytharum
463 1037 645 1080 consilia
673 1036 973 1091 intelligentes
1001 1036 1203 1079 fetialem
1232 1041 1449 1092 praemit-

157 1110 256 1142 tunt
277 1130 288 1153 ,
324 1102 404 1155 ipsi
421 1104 466 1143 in
492 1101 646 1144 finibus
669 1113 905 1143 occurrunt
929 1104 1101 1144 armati.
1173 1102 1450 1145 Societatem

156 1177 248 1205 non
270 1168 453 1219 amplius
476 1168 719 1208 abnuebant
750 1181 757 1205 τ
815 1167 875 1208 fin
905 1168 1068 1208 eodem
1089 1168 1231 1209 modo
1255 1167 1448 1221 Scythae

153 1229 241 1271 suas
263 1239 401 1270 terras
421 1233 610 1273 tumultu
630 1233 972 1287 permiscerent,
999 1235 1142 1284 parati
1162 1232 1269 1272 fines
1291 1196 1471 1316 defen—Q

157 1294 276 1335 dere.
362 1296 475 1336 Tum
514 1310 611 1350 pars
631 1297 841 1351 quaedam
862 1296 1123 1348 Scytharum
1148 1307 1192 1337 et
1215 1297 1444 1338 Melanch-

154 1359 270 1400 laeni
293 1368 336 1399 et
349 1360 645 1414 Androphagi
666 1369 709 1400 et
724 1359 1245 1413 Neuriseptemtrionem
1266 1372 1443 1416 petunt,

154 1436 251 1476 pars
273 1422 533 1477 Scytharum
556 1425 636 1465 alia
666 1424 715 1465 ab
743 1423 998 1477 Agathyrsis
1020 1424 1219 1478 hospitio
1242 1438 1441 1480 accepta,

154 1488 286 1528 tertia
325 1502 423 1542 pars
453 1501 476 1528 e
505 1488 700 1531 Neuride
734 1490 871 1528 vertit
890 1490 933 1529 in
958 1488 1183 1542 Scythiam
1202 1502 1249 1532 vt
1275 1493 1441 1534 eodem

153 1552 383 1594 abduceret
404 1553 558 1594 Persas.
626 1553 785 1594 Darius
806 1565 960 1594 errore
978 1553 1119 1607 longo
1142 1554 1344 1609 fatigatus
1371 1557 1436 1598 le-

151 1627 302 1669 gatum
333 1619 384 1658 ad
412 1618 715 1670 Indathyrfiim
736 1630 888 1671 regem
921 1619 1036 1659 misit
1101 1648 1111 1671 ,
1168 1632 1216 1661 vt
1257 1632 1327 1662 aut
1363 1635 1434 1663 re-

149 1682 318 1722 stitaret
340 1683 591 1737 praelioque
619 1683 898 1734 decerneret,
923 1693 993 1724 aut
1015 1684 1041 1724 fi
1063 1684 1102 1725 se
1122 1686 1283 1728 vidium
1305 1686 1437 1727 senti-

150 1757 220 1787 ret
241 1775 252 1797 ,
292 1749 336 1787 in
354 1747 620 1802 colloquium
643 1746 1108 1803 descenderetffibique
1135 1751 1222 1790 iam
1245 1751 1435 1792 domino

150 1823 315 1852 terram
338 1814 505 1853 muneri
523 1813 658 1854 ferret
681 1825 722 1854 et
745 1826 911 1867 aquam.
952 1813 1232 1867 Indathyrsus
1250 1816 1434 1868 respon-

151 1877 213 1916 dit
235 1893 242 1917 :
280 1876 440 1918 nullum
477 1879 690 1919 timorem
726 1877 869 1931 fugam
893 1877 964 1917 fibi
984 1878 1186 1930 suadere,
1227 1892 1366 1934 neque
1389 1894 1434 1922 e-

149 1943 240 1982 nim
264 1942 428 1995 oppida
448 1954 517 1983 aut
536 1956 664 1997 agros
684 1943 827 1985 cultos
848 1942 921 1983 fibi
942 1942 1049 1994 effe,
1073 1944 1218 1998 quibus
1244 1956 1431 1998 metuat,

146 2007 218 2047 sed
238 2005 345 2047 hanc
369 2005 537 2059 Scythis
554 2009 733 2050 viuendi
754 2007 1114 2050 consuetudinem
1136 2009 1308 2063 semper
1330 2009 1432 2051 fuis-

144 2070 185 2111 se
218 2098 229 2120 ,
270 2080 317 2111 vt
356 2070 473 2112 nullo
512 2073 556 2113 in
585 2072 689 2114 loco
713 2082 998 2113 morarentur
1019 2074 1198 2125 diutius,
1241 2087 1263 2115 a
1283 2088 1363 2129 qua
1383 2085 1432 2117 vt

146 2135 376 2191 quidquam
402 2138 891 2190 remitterent,cauffi1m
912 2138 952 2179 se
976 2138 1139 2181 nullam
1158 2138 1311 2182 videre
1334 2155 1342 2180 z
1368 2139 1430 2180 fin

729 2204 838 2247 Aaa
876 2216 899 2256 3
1323 2203 1427 2248 Per-
