2013 2719
320 1932 390 1972 fig,
406 1932 448 1961 Aa
457 1936 488 1960 et

320 1977 383 2010 Ab,

541 209 562 241 ι
571 210 636 251 40
989 188 1372 242 EXPLJCATIO

655 303 712 345 Et
729 300 831 356 quid
857 299 998 341 dicam
1018 301 1071 342 de
1090 312 1274 345 moneta
1297 301 1353 357 3}
1372 313 1514 355 graena
1531 304 1597 346 seu
1618 307 1801 359 granilla

537 370 649 417 (non
667 369 817 419 grana)
837 365 1061 418 pendente
1082 393 1094 417 ,
1129 367 1221 422 quis
1240 366 1310 409 hic
1331 366 1716 425 differentiamper
1737 373 1801 414 bi·

536 430 709 472 lancem
736 429 962 471 obseruare
982 432 1169 484 poterit.

658 506 702 544 7.
769 495 839 536 Ex
858 507 912 535 eo
933 495 989 534 est
1015 496 1133 548 quod
1158 494 1323 537 nullum
1348 495 1468 537 vsum
1503 498 1689 550 praefice
1714 498 1802 542 hoc

538 558 772 613 problema
792 557 947 599 habeat
968 559 1011 599 in
1034 559 1368 601 determinanda
1387 562 1637 615 quantitate
1659 561 1797 616 Det?

537 623 729 665 inuicem
748 633 868 664 certa
886 625 1190 677 proportione
1213 626 1391 676 mixtis,
1427 626 1524 678 quia
1552 626 1800 671 differt-ntia

539 688 586 728 in
605 688 832 729 volumine
855 689 1018 728 minori
1052 689 1266 741 disparet,
1303 690 1346 729 in
1376 690 1534 730 maiori
1586 692 1803 735 maiorem

537 750 754 792 bilancem
782 753 1033 804 requirente
1081 766 1172 792 non
1194 754 1408 793 indicatur
1433 781 1444 805 ,
1483 754 1577 795 talis
1608 758 1722 796 enim
1741 758 1803 798 bi-

535 814 640 858 lanx
662 817 804 856 maior
831 817 907 856 vix
933 816 1183 858 inuenietur
1209 845 1220 869 ,
1253 831 1361 872 quae
1381 817 1453 858 suo
1477 819 1627 861 officio
1653 821 1697 860 in
1719 820 1805 863 hoc

536 882 654 935 passu
676 882 791 922 rec‘te
812 879 1024 933 fungatur.

659 947 700 984 8.
771 944 814 986 Si
832 958 941 985 vero
963 946 1057 985 talis
1075 943 1367 998 bilanx,quam
1386 945 1490 986 loco
1511 949 1583 988 cit.
1607 949 1807 1004 descripsi

535 1007 788 1057 adhibetur,
824 1018 925 1048 tunc
948 1021 1014 1048 res
1036 1021 1090 1048 ex
1110 1018 1221 1048 voto
1245 1010 1383 1059 cedit,
1423 1022 1465 1049 et
1480 1014 1651 1063 argenti
1671 1028 1803 1068 quan-

533 1073 637 1112 titas
659 1084 790 1123 aeque
813 1084 857 1111 ac
881 1073 1003 1124 cupri
1023 1073 1307 1113 determinari
1330 1074 1492 1125 potest,
1531 1075 1591 1113 ita
1613 1086 1658 1114 vt
1680 1079 1803 1115 vaso⁶

530 1147 630 1175 rum
654 1147 968 1187 argenteorum
989 1148 1271 1176 monetarum
1303 1138 1521 1177 rariorum
1549 1147 1592 1177 et
1620 1139 1804 1191 antiqui⁴

535 1209 629 1239 tate
652 1200 1010 1239 aestimandarum
1040 1211 1124 1240 etc.
1165 1200 1192 1239 si
1252 1212 1306 1240 ex
1326 1211 1512 1251 argento
1532 1214 1669 1252 cupro
1692 1203 1806 1241 mix·

536 1272 587 1303 to
613 1272 789 1315 paratae
828 1264 936 1312 sunt,
956 1265 1170 1314 quantitas
1197 1273 1240 1302 et
1269 1262 1395 1303 valor
1416 1264 1585 1314 argenti
1607 1290 1617 1312 ,
1653 1263 1808 1318 absque

536 1327 687 1366 catino
727 1326 993 1377 probatorio
1030 1352 1040 1375 ,
1079 1335 1122 1364 ct
1153 1325 1240 1365 fine
1277 1326 1588 1379 deperditione
1617 1326 1804 1379 formae,

537 1390 825 1430 determinari
847 1390 1025 1441 egregie
1045 1387 1186 1441 poffit.

656 1468 701 1504 9.
768 1453 1011 1504 Explicabo
1032 1453 1176 1504 itaque
1204 1478 1216 1502 ,
1249 1454 1480 1504 quomodo
1534 1468 1601 1496 res
1654 1467 1807 1508 aggre-

539 1517 697 1557 dienda
720 1543 730 1565 ,
772 1527 818 1555 vt
840 1515 938 1554 voti
959 1524 1194 1565 compotes
1214 1513 1309 1553 fieri
1330 1516 1534 1567 possimus
1554 1527 1597 1555 et
1628 1519 1805 1568 proble-

543 1593 615 1623 ma
634 1582 678 1620 in
698 1578 988 1619 commodum
1007 1577 1121 1618 vitae
1144 1576 1280 1616 ciuilis
1308 1587 1352 1618 et
1381 1579 1445 1618 rei
1472 1577 1689 1620 literariae
1733 1594 1805 1621 ce·

543 1646 631 1685 dat.

667 1720 739 1747 10.
807 1706 1093 1758 Praeparetur
1111 1703 1182 1745 illa
1200 1705 1377 1758 bilanx,
1410 1719 1516 1760 quae
1547 1708 1679 1748 oeties
1714 1720 1803 1748 ma·

543 1771 631 1811 iori
671 1769 859 1824 ponderi
898 1770 1234 1811 accommodata
1263 1771 1319 1811 cst
1338 1799 1351 1822 ,
1388 1780 1434 1811 vt
1465 1772 1647 1813 adhunc
1670 1772 1806 1813 finem

542 1835 704 1876 idonea
728 1835 964 1886 reddatur,
1003 1835 1042 1874 h.
1067 1847 1122 1874 m.

660 1900 694 1940 l.
734 1899 781 1940 In
803 1911 899 1940 tota
920 1900 1086 1940 bilance
1108 1898 1210 1939 nihil
1232 1908 1444 1950 mutetur,
1474 1899 1545 1940 nisi
1568 1901 1684 1954 qnod
1705 1900 1809 1941 lanx

544 1963 763 2015 longioris
797 1964 956 2003 brachii
996 1974 1289 2004 remoueatur.
1310 1964 1365 2005 Et
1387 1965 1480 2005 talis
1517 1965 1618 2005 lanx
1640 1966 1679 2004 in
1720 1965 1809 2003 eius

543 2030 690 2070 locum
723 2028 1012 2077 substituatur,
1049 2042 1153 2082 quae
1174 2027 1254 2068 filis
1276 2028 1553 2068 aurichalceis
1573 2029 1676 2067 loco
1706 2027 1806 2067 seri-

544 2105 727 2132 ceorum
755 2093 951 2133 instrueta
978 2092 1026 2133 sit
1051 2105 1094 2133 et
1123 2092 1308 2133 formam
1338 2093 1442 2132 retis
1471 2091 1539 2131 vel
1567 2093 1709 2131 corbis
1731 2090 1805 2132 ha-

545 2156 721 2209 henim)
749 2158 1020 2213 excipiendis
1055 2158 1178 2201 rebus
1206 2156 1501 2213 ponderandis
1537 2167 1650 2211 apta.

1748 2281 1807 2341 11³
