2013 2719
388 182 818 231 ARTICVLATIS
851 177 1148 230 LAPIDEIS
1337 197 1428 239 253

151 296 273 338 nitur
302 292 912 349 21110011137quinonnunquam
950 295 994 334 in
1014 293 1113 334 duas
1133 292 1292 346 sponte
1312 291 1434 344 sepa-

155 372 272 403 ratus
295 361 484 400 occurrit
508 370 679 413 partes,
723 370 956 402 externam
976 369 1019 399 et
1041 359 1276 399 internam.
1344 357 1436 399 Ex-

155 436 282 466 terna
303 425 440 477 cingit
460 426 707 475 internam,
751 436 794 466 et
817 433 1064 477 exvtraque
1077 422 1135 463 sui
1150 419 1438 474 lateralipar-

155 501 202 532 te
230 488 403 530 crastior
425 489 482 528 est
509 516 520 540 ‚
559 489 685 542 idque
717 501 772 528 eo
801 489 965 541 magiS,
1007 499 1094 540 quo
1117 488 1255 540 magis
1272 488 1317 527 in
1335 486 1436 526 lon—

155 555 401 610 gitudinem
422 554 632 603 excurrit,
654 552 798 594 versus
824 553 1020 593 medium
1039 563 1167 601 vero,
1182 561 1274 591 tam
1297 563 1440 591 exan-

158 619 472 672 ter-10ri7quam
486 619 723 671 posteriori
744 626 870 672 parte
889 616 1241 657 tenuiorexistit.
1262 613 1438 655 Interrm

156 685 290 738 igitur
309 695 407 736 pars
427 685 563 723 conica
581 683 821 724 necessario
843 681 926 721 effe
948 680 1077 722 debet
1099 690 1142 720 et
1172 681 1216 720 in
1238 680 1436 720 anterio-

158 750 196 788 ri
215 748 273 788 sni
295 758 421 800 parte
462 775 472 797 ‚
514 749 725 801 quoniam
744 756 953 788 externus
975 744 1170 786 alueolus
1192 757 1247 785 eo
1269 745 1312 784 in
1332 744 1439 784 loco

163 811 448 860 tcnuiffimus,
474 806 593 864 spina
613 812 749 865 quast,
791 809 932 861 (dddd)
953 810 1182 852 cornuum
1202 809 1443 852 Ammonis

159 876 416 930 fimpliciter
437 873 712 926 spinatorum
742 874 945 926 analoga,
966 881 1187 915 exornata.

283 955 300 980 1
315 953 354 979 2.
422 938 538 978 Haec
560 939 735 979 interna
758 938 922 979 alueoli
940 949 1039 991 pars
1062 966 1074 987 ‚
1117 950 1215 978 cum
1236 949 1315 978 nec
1336 940 1442 979 arti-

159 1005 359 1046 culorum
383 1014 461 1042 nec
484 1002 727 1056 fiphunculi
746 1002 925 1056 vestigia
953 1001 1158 1043 exhibeat
1205 1028 1217 1051 ,
1278 1003 1442 1042 eodem

157 1077 306 1108 tamen
326 1066 432 1107 loco
452 1066 527 1108 fita
550 1068 627 1119 fit,
670 1081 717 1108 ac
738 1067 933 1109 alueolus
951 1068 1150 1108 internus
1167 1061 1222 1115 (§.
1251 1071 1345 1118 10.)
1368 1079 1444 1107 nu-

153 1133 271 1172 cleus
291 1131 464 1172 videtur
485 1133 569 1173 effe
591 1132 754 1175 alueoli
775 1133 942 1175 interni
997 1159 1010 1184 ⁷
1069 1132 1179 1174 olim
1208 1130 1330 1172 forte
1350 1131 1445 1174 casu

155 1197 351 1249 quodam
373 1197 542 1237 excuffi.

283 1274 302 1298 1
317 1274 356 1310 3.
425 1260 655 1302 Internam
673 1262 784 1304 hanc
804 1261 966 1302 alueoli
981 1270 1158 1316 partem
1180 1261 1365 1302 eandem
1379 1274 1445 1301 es-

157 1323 200 1363 se
219 1324 414 1363 conjicio
439 1350 450 1373 ‚
491 1338 619 1378 quam
641 1327 758 1365 inter
780 1325 861 1365 alia
882 1325 1129 1376 fragmenta
1149 1337 1171 1364 e
1188 1326 1318 1365 radiis
1338 1326 1445 1365 arti-

160 1387 314 1427 culatis
335 1397 515 1428 exemta
534 1390 594 1428 ita
617 1388 816 1430 describit
840 1388 1024 1429 Mellius:
1048 1417 1074 1439 7,
1092 1390 1149 1430 Et
1168 1390 1250 1430 alia
1269 1389 1447 1442 quidem

158 1451 547 1505 „Belemnitarum
565 1454 693 1492 instar
717 1481 728 1504 ,
769 1453 864 1492 sunt
896 1465 1019 1491 mere
1040 1453 1175 1493 solida
1219 1480 1230 1504 ,
1291 1453 1446 1506 absque

160 1515 293 1568 „vllo
321 1516 520 1556 cauitatis
546 1517 765 1556 cuiusdam
787 1515 858 1557 vel
887 1517 1208 1558 articulationis
1225 1518 1391 1558 indicio
1431 1544 1444 1569 ,

158 1589 274 1635 „ceu
293 1579 428 1634 cuspis
454 1579 527 1620 illa
547 1581 702 1620 conica
722 1582 916 1622 testatur.
937 1582 1015 1621 &c.
1036 1609 1064 1633 ‚7

287 1658 359 1697 14.
430 1644 552 1688 Solui
584 1646 720 1686 etiam
748 1646 834 1685 iam
855 1646 1027 1699 potest,
1070 1645 1122 1686 ad
1142 1645 1264 1699 quod
1284 1645 1444 1700 figura-

163 1717 317 1750 torum
345 1722 477 1762 genus
503 1709 724 1751 referendi
751 1710 832 1751 fint
860 1710 1027 1764 lapides
1047 1712 1091 1751 in
1114 1711 1242 1751 massa
1261 1712 1449 1765 quadam

163 1773 337 1827 lapidea
357 1775 472 1815 obuii
491 1775 880 1829 Angerburgenses
925 1804 935 1826 ‚
979 1789 1166 1829 quorum
1196 1775 1354 1829 figuras
1376 1775 1445 1819 Cl.

164 1837 232 1880 Io.
255 1840 384 1879 Henr.
407 1840 625 1890 Linckius,
668 1851 1030 1895 prototyporum
1052 1840 1266 1894 possessor
1295 1868 1305 1891 ‚
1352 1854 1448 1881 me·

164 1915 264 1942 cum
285 1907 638 1946 communicauit.
707 1906 813 1947 Duo
836 1905 1022 1958 figurat-„1
1041 1907 1085 1945 in
1106 1905 1183 1944 hac
1208 1904 1338 1944 massa
1369 1905 1448 1945 ob-

164 1968 371 2008 veniunts
427 1970 631 2012 Alterum
653 1971 710 2011 est
732 1972 873 2011 radius
893 1969 1144 2011 articulatus
1166 1965 1200 2012 §.
1219 1980 1259 2019 ς.
1289 1969 1447 2010 descri-

164 2041 287 2085 ptus,
327 2032 509 2075 alterum
531 2036 723 2076 eiusdem
746 2036 855 2077 radii
878 2029 1174 2086 alue01us‚(§.
1196 2048 1270 2075 10.
1295 2049 1313 2075 1
1330 2038 1446 2086 1.)a.·

166 2095 274 2139 lium
301 2098 434 2140 adhuc
460 2100 679 2141 alueolum
701 2103 952 2141 continens.

287 2174 305 2204 τ
319 2174 360 2216 5-
427 2166 656 2211 Attentius
684 2168 836 2210 omnia
860 2164 1214 2210 lustrantinullae
1237 2175 1443 2206 occurre-

1346 2235 1448 2269 runt

1484 721 1555 759 Fig,
1573 729 1618 751 10.
1640 729 1682 753 110

1483 770 1601 803 1201}
