2013 2719
404 173 695 220 INVENTI
729 172 1224 220 HYDROSTATICJ.
1367 192 1457 230 143

181 298 338 329 aereae
377 297 509 339 aquae
529 297 607 339 per
644 282 907 324 infusionem
929 283 1154 324 admixtae
1194 293 1323 338 atque
1371 292 1461 324 tur-

183 352 311 407 gidae
332 349 540 393 exhalent
561 360 606 391 et
628 362 733 404 aqua
764 349 908 390 sedata
930 348 1152 392 reddatur.
1171 353 1173 356 ’

312 464 329 489 1
345 461 386 500 5.
452 446 630 489 Deinde
677 446 796 500 quod
843 458 943 486 aere
989 446 1205 486 existente
1249 444 1465 487 calidiore

187 513 444 569 profundius
464 513 754 563 immergatur
777 510 881 552 lanx
901 510 1004 551 ideo
1027 512 1192 551 vitrum
1216 523 1304 563 ope
1332 510 1465 552 coch-

188 579 282 620 leae
305 577 562 619 eleuandum
583 604 593 627 ‚
629 574 862 629 frigidiore
883 575 1007 616 altius
1029 577 1072 615 in
1095 587 1200 628 aqua
1222 584 1343 615 natet
1364 576 1468 618 lanx

190 654 233 684 et
254 654 354 684 tunc
377 641 702 683 demittendum
724 641 782 682 est
801 642 967 683 vitrum
988 653 1120 695 vsque
1140 639 1242 679 dum
1262 640 1389 681 instet
1403 641 1467 681 in—

190 707 349 748 diculus
369 709 410 747 in
438 716 627 760 vtro-que
647 706 753 747 casu.

312 807 384 844 16.
457 803 551 843 Iam
573 803 624 843 ad
647 803 849 856 pondera
873 801 957 842 erit
980 801 1314 855 respiciendum.
1334 802 1468 855 Opti-

189 882 260 910 me
292 866 486 909 adhiberi
521 866 696 918 pofl'unt
726 867 928 920 pondera
948 867 1220 917 Rutiienica,
1255 868 1397 907 modo
1422 877 1468 908 vt

191 931 449 975 exactiffime
487 929 799 970 testificentur.
880 931 997 972 Nam
1027 944 1133 984 quae
1165 933 1207 970 in
1238 931 1468 982 systemate

188 999 311 1039 vnius
333 996 489 1049 pondo
527 995 770 1037 Ruthenici
810 995 1100 1035 continentur
1138 1005 1309 1049 partes,
1351 997 1469 1049 quod

189 1060 323 1113 vulgo
346 1059 504 1102 venale
530 1059 587 1099 est
634 1089 646 1112 ‚
722 1059 911 1100 multum
950 1059 1271 1114 inaequalitatis
1293 1059 1471 1111 habent,

183 1125 372 1180 ideoque
394 1125 446 1166 ad
465 1124 779 1166 exastiffimam
800 1124 1019 1165 bilancem
1051 1135 1177 1166 erunt
1209 1126 1469 1166 examinan-

186 1190 238 1230 da
260 1200 304 1230 et
326 1189 605 1244 corrigenda.

310 1297 383 1334 17.
453 1285 631 1325 Deinde
654 1287 751 1337 quia
779 1287 822 1324 in
847 1287 1007 1326 maiori
1027 1286 1197 1327 bilance
1211 1287 1469 1328 exaffltudo

190 1348 530 1387 maiusculorum
568 1348 819 1399 ponderum
860 1360 896 1386 e.
933 1362 973 1401 g.
1010 1363 1049 1388 2.
1081 1353 1151 1389 vel
1175 1366 1219 1400 4.
1240 1352 1467 1392 vnciarum

191 1423 283 1451 non
304 1409 456 1451 sistitur
498 1438 509 1460 ‚
567 1410 668 1464 quin
692 1411 898 1450 minimus
921 1412 1071 1465 aliquis.
1092 1413 1159 1453 vel
1183 1413 1374 1454 excessus
1396 1414 1469 1455 vel

191 1474 375 1515 defectus
398 1474 828 1526 absorbeatur,quem
850 1474 957 1514 libra
978 1477 1171 1516 indicare
1193 1492 1283 1518 non
1303 1481 1467 1529 valeat,

188 1539 333 1579 vncias
364 1537 509 1589 plures
537 1535 757 1590 simplices
789 1549 976 1578 numero
1010 1545 1084 1579 16.
1116 1542 1157 1579 in
1179 1541 1348 1582 bilance
1370 1555 1468 1584 mea

187 1602 448 1656 probatoria
477 1602 858 1655 aequiponderaui
893 1630 903 1652 ,
947 1604 1091 1658 eisque
1114 1604 1221 1645 loco
1249 1608 1468 1648 maiorum

190 1667 437 1720 ponderum
458 1667 501 1706 in
523 1680 614 1708 vno
648 1667 779 1708 frusto
803 1668 1168 1710 combinatorum
1199 1681 1317 1711 vtor.
1358 1684 1395 1712 e.
1425 1685 1465 1725 g.

189 1732 216 1772 si
239 1743 279 1780 7.
302 1732 451 1771 vnciae
473 1732 798 1782 desiderentur,
840 1732 947 1773 loco
967 1735 1089 1774 vuius
1113 1736 1322 1788 ponderis
1346 1748 1371 1787 7
1388 1751 1466 1778 vn-

191 1797 275 1836 cias
297 1796 338 1836 in
362 1809 451 1837 vno
471 1796 702 1838 volumine
730 1799 1033 1850 continentis,
1077 1812 1103 1850 7
1127 1800 1274 1840 x-ncias
1295 1801 1466 1854 separa-

190 1872 252 1900 tas
273 1861 493 1914 coniungo
514 1864 558 1903 in
585 1861 708 1902 lance
744 1892 756 1915 ‚
796 1872 839 1903 et
869 1862 921 1903 sic
955 1864 1264 1908 exaetiffimum
1295 1867 1466 1920 pondus

191 1923 330 1966 habeo
353 1926 400 1966 ab
421 1928 544 1968 omni
565 1940 718 1968 errore
741 1928 987 1969 liberatum.

310 2037 327 2062 1
344 2022 702 2076 8.Systemaver0
716 2027 837 2068 vnius
852 2025 1248 2078 pondoRuthenici
1260 2028 1465 2071 continet

191 2098 357 2139 partes,
399 2102 503 2142 quae
514 2091 769 2146 sequentem
784 2090 943 2132 habent
956 2092 1157 2134 valorem
1174 2093 1378 2147 :Capsula
1398 2095 1464 2148 sy-

190 2151 376 2193 stematis
399 2154 441 2194 in
478 2168 606 2209 quam
641 2156 807 2211 reliqua
837 2157 1037 2211 pondera
1074 2160 1367 2212 imponuntur
1395 2158 1464 2199 seu

1389 2224 1463 2262 lma
