2013 2719
314 165 703 219 MONSTRVM
746 131 1347 216 PETROPOLJTANVM.
1395 185 1412 212 1
1429 174 1488 225 89

315 281 529 335 Equidem
550 289 652 321 ante
673 267 976 322 diffeffio'nem
995 278 1321 335 nullalexterius
1342 279 1489 321 defor-

201 348 332 389 mitas
351 346 542 400 partium
559 346 603 386 in
623 355 726 386 tota
752 347 895 386 trunci
916 345 1144 399 superficie
1161 344 1392 398 conspicua
1411 345 1487 396 est,

202 412 341 454 nullus
375 409 563 452 excessus
592 437 603 461 ‚
651 411 786 451 nullus
807 410 1000 452 defeetus
1033 409 1261 451 sensibilis:
1306 411 1453 452 Pec‘tus
1475 437 1488 461 ,

204 477 417 527 dorsum,
454 484 651 526 venter,
690 474 950 526 vmbilicus,
991 476 1134 516 exitus
1172 486 1490 516 excremento—

203 555 315 592 rum,
332 539 540 594 genitalia
559 566 570 589 7
591 539 826 590 mamillae,
848 541 1016 589 clunes,
1042 540 1366 590 extre1nit21teS‚
1391 540 1490 580 fim-

204 607 341 660 plices
366 613 607 659 apparenr3
643 616 820 655 verum,
845 616 1048 645 numerus
1083 605 1402 645 tantummodo
1423 617 1492 646 ca·
1525 620 1543 623 Ὗ

204 672 349 726 pitum
369 680 412 711 et
431 668 678 720 collorum,
725 670 835 709 item
854 669 990 723 cuspis
1012 669 1082 709 seu
1104 681 1244 709 cornu
1266 669 1383 709 inter
1405 669 1492 709 duo

205 735 321 776 colla
364 735 562 774 eminens
599 762 610 784 ,
675 733 860 774 monstri
901 734 1059 787 aliquid
1103 734 1220 774 alere
1254 733 1463 775 videntur
1484 749 1492 776 :

207 799 355 853 Cuspis
370 810 530 851 nempe
542 797 691 851 longa,
708 798 834 838 instar
854 811 992 839 cornu
1006 798 1108 838 dura
1129 797 1494 852 altitudinemque

205 864 372 919 gemini
394 863 548 916 capitis
569 864 791 915 attingens
815 862 979 903 duobus
993 862 1117 903 collis
1138 863 1401 916 interposita
1415 863 1495 915 est,

202 941 315 984 quae
337 928 528 969 detracta
540 936 637 968 cute
662 937 704 966 et
727 926 994 980 pinguedine
1008 939 1105 967 eam
1127 928 1412 980 inuestiente,
1433 927 1495 968 nil

204 993 319 1035 aliud
342 1004 470 1046 quam
502 990 634 1031 chaos
667 991 736 1032 seu
772 991 911 1031 tristes
971 993 1158 1032 duorum
1212 990 1496 1032 brachiorum

203 1059 274 1099 seu
318 1056 655 1097 extremitatum
698 1056 975 1109 superiorum
1034 1055 1235 1110 reliquias
1287 1055 1465 1097 exhibet
1487 1071 1496 1098 2

205 1125 317 1165 Nam
337 1122 444 1162 duae
464 1122 646 1174 exiguae
673 1120 851 1175 scapulae
871 1121 1090 1174 spinarum
1114 1120 1398 1162 solummodo
1421 1121 1496 1162 de-

207 1186 320 1227 fectu
354 1184 604 1227 laborantes
637 1214 647 1237 ‚
698 1187 926 1241 postquam
963 1186 1079 1226 costa
1111 1187 1179 1227 sua
1212 1185 1423 1227 inferiore
1452 1187 1497 1226 in

211 1250 466 1288 c0nt216³cum
483 1262 664 1301 venere,
683 1263 974 1291 communem
993 1252 1214 1292 ceruicem
1243 1250 1498 1303 efformant‚

213 1323 321 1364 quae
341 1310 456 1349 basin
469 1314 714 1363 praedietae
735 1313 896 1364 cuspidi
915 1314 1184 1365 suppeditat:
1251 1316 1367 1355 Haec
1385 1328 1496 1356 vero

215 1375 261 1414 in
296 1384 385 1415 tres
440 1385 586 1427 partes
650 1374 778 1414 diuisa
828 1374 885 1415 est
908 1402 918 1424 ‚
962 1387 1147 1430 namque
1195 1377 1283 1416 offe
1329 1380 1498 1419 constat

215 1438 404 1487 maiore,
429 1439 542 1478 cuius
569 1439 764 1491 amplum
786 1448 828 1478 et
842 1438 1115 1491 sphaericum
1134 1451 1263 1493 caput
1294 1442 1497 1496 praefato

215 1501 320 1542 sinui
343 1500 668 1542 inarticulatum
698 1502 776 1552 est,
821 1515 843 1541 a
863 1515 949 1555 quo
978 1503 1129 1545 sensim
1152 1506 1434 1558 gracilescens
1454 1508 1498 1549 in

216 1565 435 1619 cuspidem
475 1564 655 1617 definit,
725 1578 774 1606 ea
806 1579 887 1620 que
946 1579 1044 1619 pars
1103 1569 1210 1609 loco
1232 1568 1404 1611 humeri
1424 1572 1495 1612 est.

216 1631 323 1672 Huic
341 1629 565 1683 appendix
582 1629 649 1670 seu
671 1631 884 1684 cartilago
899 1630 1090 1686 oblonga
1110 1633 1304 1686 mobilis,
1320 1636 1500 1676 duarum

222 1694 428 1735 duntaxat
448 1694 660 1736 linearum
678 1696 960 1749 longitudine
980 1725 991 1747 ⁷
1018 1697 1149 1738 cubiti
1167 1699 1283 1740 vices
1302 1699 1462 1754 implet
1482 1727 1494 1751 ‚

220 1758 417 1812 Denique
436 1761 477 1799 in
506 1769 741 1811 extremo,
766 1761 850 1801 duo
881 1764 1034 1815 exigua
1063 1763 1285 1804 tubercula
1311 1765 1379 1805 seu
1397 1779 1496 1806 ver—

222 1835 347 1864 rucae
369 1852 378 1874 ‚
432 1837 635 1865 manuum
659 1824 777 1866 sorte
797 1826 1098 1879 digitorumue
1124 1829 1374 1869 rudimenta
1406 1842 1497 1870 non

223 1888 450 1928 immerito
481 1890 693 1942 appellari
728 1891 918 1944 possunt.
996 1892 1066 1933 Ad
1101 1894 1324 1945 geminam
1354 1907 1497 1947 porro

223 1951 464 2005 apophyfin
485 1955 793 1996 coracoideam
814 1984 824 2006 ⁷
865 1956 1086 1996 ossiculum
1116 1959 1319 2011 vtrinque
1341 1958 1497 1999 adhae-

221 2026 290 2057 ret
314 2045 325 2067 ,
361 2019 472 2059 cuius
500 2019 575 2060 etfi
598 2018 740 2061 forma
769 2031 812 2061 et
833 2021 931 2061 situs
953 2020 1213 2074 irregulares
1234 2022 1314 2064 fint
1333 2051 1345 2075 ⁷
1387 2036 1496 2064 con-

224 2081 357 2121 nexio
392 2091 540 2124 tamen
569 2084 764 2138 praefata
802 2085 1027 2127 clauiculas
1055 2085 1137 2126 effe
1164 2089 1303 2140 arguit
1341 2116 1352 2140 ,
1402 2090 1500 2143 quia

225 2145 353 2187 ambo
374 2146 478 2191 haec
504 2148 674 2193 officula
693 2151 829 2206 longa
847 2164 892 2193 ac
913 2151 985 2194 fibi
1001 2151 1210 2210 parallela
1231 2152 1374 2197 versus
1393 2153 1497 2224 sterff

1450 2228 1499 2261 m
