2013 2719
553 206 644 244 162
776 196 862 242 DE
899 193 1118 242 SVLCIS
1155 192 1614 243 SCOPLETORVM

549 308 592 347 in
616 304 990 359 parallelepipedo
1017 302 1114 344 facti
1135 329 1146 352 ,
1190 302 1231 343 in
1250 301 1475 356 superiore
1500 303 1721 357 superficie
1746 305 1808 346 la-

550 381 644 411 tum
664 368 759 409 satis
781 370 933 408 orbem
953 367 1021 407 seu
1039 367 1220 408 limbum
1242 365 1424 417 habens,
1465 369 1579 408 cuius
1598 369 1809 410 diameter

551 434 603 474 ad
625 434 854 473 minimum
878 446 918 484 3.
942 431 1025 484 dig.
1047 442 1201 484 aequet
1227 429 1429 472 crass‘ities
1454 445 1493 470 1,
1514 432 1589 472 lin.

665 499 732 547 (5)
800 496 849 538 In
886 496 1136 548 cylindrioli
1169 494 1370 536 foramen
1401 497 1598 548 oblongo
1634 497 1810 548 quadra-

550 570 644 600 tum
663 562 920 613 imponatur
941 560 1096 612 prisma
1108 561 1447 612 quadrangulare
1461 560 1729 612 chalybeum,
1745 560 1811 603 fo-

549 625 708 666 ramini
732 626 880 666 exacte
902 633 1071 676 aptum,
1098 625 1211 664 cuius
1228 625 1462 676 longitudo
1494 624 1676 665 excedat
1699 625 1748 664 ad
1769 639 1810 675 3.

552 699 596 728 et
619 687 732 728 vltra
763 690 898 729 lineas
929 688 1257 739 longitudinem
1286 689 1469 740 cylindri
1499 688 1730 737 metallici,
1771 698 1814 729 et

550 754 595 792 in
617 765 708 794 vno
737 763 943 793 extremo
974 752 1016 789 in
1046 751 1183 790 aciem
1204 751 1384 803 longam
1406 751 1534 792 instar
1560 752 1689 795 cultri
1710 751 1811 794 defi-

552 827 625 857 nat
647 816 697 855 ad
716 826 947 868 Vtrumque
966 816 1076 856 latus
1096 814 1311 868 prismatis
1326 814 1465 857 latius.

671 882 740 930 (6)
809 879 1056 921 Met-allieas
1081 878 1301 930 cylindrus
1337 881 1603 922 immittatur
1630 881 1672 921 in
1699 880 1812 921 fora-

553 954 655 984 men
687 943 1053 996 parallelepipedi
1078 943 1213 994 lignei
1235 969 1245 991 ‚
1294 954 1340 983 x‘t
1361 944 1402 982 in
1423 956 1478 983 eo
1507 945 1817 997 circumgyrari

553 1007 681 1059 possit
696 1034 708 1057 ,
779 1007 1060 1047 incumbente
1081 1006 1303 1059 superiore
1325 1007 1428 1046 orbe
1446 1009 1516 1048 seu
1534 1008 1671 1050 limbo
1690 1008 1820 1051 lateri

553 1069 771 1124 superiori
792 1069 1168 1123 parallelepipedi.

670 1136 740 1185 (7)
806 1134 857 1175 In
902 1132 1324 1187 parallelepipednm
1367 1144 1518 1174 canum
1554 1133 1820 1173 immittatur

555 1197 776 1250 cylindrus
796 1197 962 1249 ligneus
985 1193 1020 1239 §.
1047 1212 1063 1237 1
1080 1211 1119 1236 2.
1139 1197 1376 1248 descriptus
1397 1223 1407 1243 ‚
1450 1207 1492 1235 et
1514 1197 1571 1234 ita
1591 1196 1818 1245 dirigatur,

555 1271 605 1300 ‘vt
643 1261 1012 1301 circumducendo
1044 1260 1314 1299 metallicum
1349 1257 1685 1308 cylindriolum,
1736 1256 1822 1296 eius

558 1323 773 1376 prismatis
793 1324 988 1375 quadrati
1007 1323 1117 1361 acies
1145 1323 1195 1362 ad
1224 1331 1400 1361 crenam
1423 1320 1647 1370 cochleae,
1671 1321 1822 1373 ligneo

557 1387 761 1440 cylindro
783 1385 965 1435 incisae,
994 1385 1196 1438 quadret,
1233 1396 1413 1437 eamque
1437 1385 1584 1424 intret.

674 1453 740 1501 (8)
810 1451 1027 1491 Firmetur
1053 1460 1155 1489 tunc
1180 1449 1336 1490 limbus
1355 1449 1606 1500 cylindrioli
1633 1448 1823 1489 metalli-

558 1516 621 1564 ci,
659 1525 707 1555 vt
738 1515 885 1553 datum
907 1512 1031 1551 situm
1060 1521 1276 1558 mutuare,
1301 1521 1369 1549 aut
1391 1513 1477 1551 eius
1498 1513 1656 1562 prisma
1675 1511 1821 1563 chaly—

558 1579 689 1619 beum
714 1589 768 1616 ex
786 1586 914 1614 crena
939 1573 1123 1626 cylindri
1149 1572 1283 1624 lignei
1311 1574 1567 1625 extorqueri
1617 1585 1816 1626 nequeat.

561 1641 700 1693 Super
722 1638 999 1692 prismavero
1012 1636 1267 1688 chalybeum
1281 1635 1511 1688 adaptetur
1523 1635 1702 1676 cochlea
1714 1650 1820 1687 mas,

561 1717 684 1757 quae,
710 1705 751 1743 in
772 1702 968 1742 foemina
989 1701 1056 1740 sua
1077 1700 1380 1748 circumducta,
1405 1700 1568 1740 nitatur
1590 1700 1630 1738 in
1654 1700 1822 1752 prisma,

563 1781 617 1808 ne
640 1766 922 1816 retrocedat,
959 1764 1091 1806 sedin
1110 1774 1239 1804 crena
1256 1762 1322 1805 sua
1339 1763 1510 1818 semper
1537 1764 1820 1805 contineatur

564 1843 691 1886 atque
712 1832 1005 1871 conseruetur.

679 1898 748 1946 (9)
814 1893 1048 1945 Cylindrus
1071 1903 1182 1932 vero
1208 1892 1376 1944 ligneus
1402 1892 1462 1933 ita
1501 1892 1550 1933 fit
1570 1892 1820 1942 adornatus,

563 1969 612 1999 vt
633 1971 721 2011 ope
738 1958 951 1998 manubrii
969 1956 1208 1998 transverse
1229 1955 1357 2008 positi
1378 1967 1504 2011 atque
1525 1955 1822 2005 versatilisffa·

565 2022 645 2062 cile
668 2022 747 2061 huc
769 2031 811 2061 et
831 2022 929 2062 illuc
951 2021 1107 2075 agitari
1152 2047 1164 2071 ‚
1206 2019 1411 2073 simulque
1431 2023 1474 2061 in
1494 2021 1574 2061 isto
1595 2030 1719 2060 motu
1741 2020 1823 2059 cir-

567 2086 813 2141 cumgyrari
836 2084 963 2137 poffit
987 2113 998 2136 ,
1039 2085 1082 2125 id
1099 2085 1215 2138 quod
1235 2084 1302 2124 sua
1319 2083 1475 2137 sponte
1493 2084 1569 2124 fiet
1606 2111 1618 2134 ,
1663 2083 1759 2136 quia
1779 2093 1823 2122 a·

567 2150 654 2193 cies
664 2149 895 2210 prismatiS,
906 2150 950 2192 in
969 2161 1099 2197 crena
1109 2148 1258 2194 helicis
1269 2147 1424 2207 posita,
1435 2147 1721 2207 spontaneam
1741 2146 1823 2186 cir-

1703 2219 1828 2253 cum*
