2013 2719
484 208 588 268 nisi
611 212 731 268 eius
753 206 1215 288 magnitudinem
1240 203 1563 285 spectemus
1589 208 1758 265 meri·

485 296 674 371 ‘cisque
697 292 952 352 laudibus
971 310 1045 349 eo
1073 289 1360 348 ardentius
1383 290 1756 362 extollamus,

485 397 604 455 quo
632 380 845 434 certior
881 375 1045 433 nobis
1081 373 1325 453 spesest‚
1363 371 1515 430 hanc
1550 371 1759 432 diuini-

485 473 578 519 tus
599 459 915 519 conceffilm
940 457 1421 534 tranquillitatem
1444 455 1508 513 T
1514 455 1566 512 E
1600 457 1758 517 inco-

488 546 629 604 lumi
685 543 1048 602 constantem
1091 559 1158 598 ac
1201 550 1549 621 perpetuam
1581 538 1706 597 fore
1740 586 1758 612 ,

485 627 785 709 postquam
831 622 1106 684 finitimos
1152 625 1393 706 populos
1438 624 1535 680 vel
1567 621 1762 681 foede-

487 733 613 773 rum
627 714 831 791 religio
845 756 862 781 ,
884 711 977 768 vel
1003 721 1196 767 metus
1218 727 1508 766 armorum
1525 718 1762 765 tuorum

486 808 551 855 et
580 795 925 854 certissimae
960 795 1306 851 calamitatis
1334 790 1460 848 suae
1478 836 1495 860 ,
1528 788 1567 848 fi
1588 788 1767 849 fidem

485 879 683 942 datam
714 880 1025 946 violarent,
1057 879 1114 934 in
1149 874 1353 933 officio
1384 876 1671 932 continet.

645 963 770 1021 Nos
803 964 1027 1020 interea
1048 1005 1067 1031 ,
1143 978 1287 1036 quae
1316 959 1568 1016 muneris
1595 956 1765 1016 nostri

489 1048 636 1104 ratio
663 1045 908 1126 postulat
944 1092 961 1117 ,
1043 1044 1306 1102 alacriter
1332 1041 1712 1120 exsequemur
1746 1087 1764 1113 ‚

489 1141 703 1207 tuaque
749 1129 1096 1188 auctoritate
1143 1139 1207 1185 et
1252 1128 1471 1185 summa
1516 1126 1768 1185 beneuo-

495 1214 674 1273 lentia
698 1212 834 1271 freti
862 1233 1103 1295 operam
1125 1210 1409 1283 dabimus,
1429 1221 1496 1269 vt
1517 1212 1771 1292 Imperio

490 1297 722 1357 Ruffico
748 1308 838 1356 tot
860 1299 1023 1356 rebus
1041 1309 1192 1353 terra
1222 1298 1479 1367 marique
1499 1295 1769 1370 prospere

490 1382 661 1457 gestis
696 1382 901 1436 inclito
933 1389 1109 1452 atque
1137 1373 1211 1431 ad
1234 1373 1523 1449 fastigium
1551 1373 1768 1449 gloriae

492 1474 590 1519 tua
620 1460 928 1541 prudentia
957 1456 1172 1515 eucho
1193 1474 1309 1513 non
1333 1455 1643 1511 minimum
1669 1452 1768 1511 de·

493 1563 593 1602 cus
628 1545 807 1600 etiam
845 1561 874 1599 a
912 1543 1240 1600 litterarum
1277 1549 1340 1596 et
1389 1536 1768 1596 humanitatis

495 1626 685 1688 studiis
710 1624 969 1684 accedat.

496 1773 673 1820 Petropoli

496 1822 572 1861 Cal,
599 1822 698 1869 Sept.

498 1884 555 1909 010
585 1884 619 1910 ω
646 1884 681 1908 cc
705 1882 829 1911 xxxu.

1076 2015 1444 2059 Academicorum
1473 2013 1656 2057 nomine

1016 2076 1367 2138 Christianus
1442 2073 1769 2139 Goldbach.
