2013 2719
297 1907 346 1939 M.
356 1907 440 1947 Sept.

531 224 626 263 124
743 201 1074 250 REDVCTIO
1109 202 1599 267 AEQVATIONVM

523 315 609 356 iam
632 325 653 354 a
675 321 693 354 t
712 312 980 366 penderent,
998 324 1085 366 quo
1104 313 1147 354 in
1167 313 1258 354 casu
1278 315 1480 370 aequatio
1505 327 1594 355 non
1617 313 1673 354 est
1700 325 1790 354 am-

521 378 631 433 plius
651 391 733 430 pro
753 376 1018 430 corporibus
1045 377 1305 430 cylindricis.
1414 378 1555 420 Simili
1581 379 1719 419 modo
1746 379 1791 418 in

523 442 786 495 aequatione
820 454 903 494 pro
941 441 1203 494 corporibus
1242 443 1442 484 rotundis
1470 441 1560 483 ,τάχ
1577 441 1792 494 :ydy—f-

522 505 664 556 Rdt‚R
687 514 859 546 tantum
881 517 902 545 a
926 512 944 544 t
972 506 1151 559 pendet.
1229 506 1271 548 Si
1293 508 1424 559 igitur
1444 509 1480 550 R
1503 507 1636 547 etiam
1657 519 1685 545 x
1706 516 1789 557 ety

523 570 564 609 in
584 570 621 608 se
643 568 1018 622 comprehendat,
1055 571 1255 623 aequatio
1277 572 1359 612 erit
1382 584 1464 625 pro
1497 582 1616 610 nouo
1645 568 1788 622 super-

521 633 722 674 ficierum
741 645 906 687 genere
950 662 962 686 ‚
1001 644 1043 674 et
1066 634 1350 676 nihilominus
1374 636 1677 677 reduffionem
1716 634 1789 674 ad-

525 698 680 750 mittit,

637 761 869 814 Proposuit
892 760 999 800 mihi
1022 760 1131 801 hanc
1149 761 1448 815 quaestionem
1462 762 1556 806 Cel.
1578 760 1789 803 Ioli.Ber-

522 824 691 876 nonni,
730 825 957 879 postquam
978 825 1053 878 ipsi
1074 825 1184 866 hanc
1215 839 1359 867 meam
1386 827 1654 868 solutionem
1694 825 1791 865 scri-

524 888 759 942 pfiffem‚vt
784 889 992 928 nimirum
1014 901 1193 943 praeter
1221 891 1303 931 tria
1318 891 1517 944 exposita
1544 888 1791 944 superficie-

523 966 618 993 rum
632 966 791 1006 genera
805 951 884 992 alia
895 953 1219 1006 inuestigarem7
1237 968 1342 1009 quae
1357 957 1488 996 etiam
1503 955 1553 994 ad
1567 953 1790 1008 aequatio—

526 1029 601 1056 nes
621 1015 901 1068 integrabilcs
922 1018 1174 1068 perducant.
1217 1018 1497 1059 Solutionem
1521 1020 1651 1071 igitur
1670 1018 1792 1058 huius

520 1080 780 1132 quaestionis
802 1107 811 1129 ‚
848 1079 944 1131 qnia
968 1090 1057 1120 tam
1077 1079 1198 1120 facile
1221 1093 1275 1120 ex
1295 1082 1651 1120 antecedentibus
1682 1081 1790 1126 fluit,

520 1141 587 1183 hic
607 1143 841 1195 adiungere
863 1142 997 1182 volui.

759 1241 1007 1300 NOVA
1082 1238 1552 1300 METHODVS

551 1327 1050 1370 INNVMERABILES
1097 1322 1523 1383 AEQVATIONES
1567 1317 1760 1361 DIFFE-

580 1390 917 1432 RENTIALES
956 1390 1220 1434 SECVNDI
1252 1387 1499 1432 GRADVS
1538 1384 1726 1427 REDV-

584 1454 776 1498 CENDI
814 1454 899 1495 AD
940 1452 1367 1510 AEQVATIONES
1406 1447 1730 1491 DIFFEREN-
1792 1476 1800 1481 a

797 1517 1005 1558 TIALES
1041 1516 1208 1558 PRIMI
1246 1513 1510 1556 GRADVS.

1006 1591 1248 1649 [quetore

879 1691 1110 1753 Leonh.
1147 1689 1381 1750 EulerO.

1138 1814 1176 1841 1.

769 1920 928 1961 Vando
948 1919 1000 1959 ad
1018 1917 1295 1972 aequationes
1314 1909 1623 1954 differentiales
1642 1908 1789 1949 secun-

810 1986 853 2025 di
873 1983 947 2025 vel
978 1983 1146 2024 altioris
1179 1980 1417 2032 cuiuspiam
1452 1975 1606 2029 gradus
1633 1985 1790 2025 perue-

812 2050 934 2090 niunt
956 2047 1190 2101 analystae,
1225 2045 1269 2084 in
1287 2045 1335 2084 iis
1355 2038 1620 2083 resoluendis
1648 2035 1787 2087 dupli-

811 2115 849 2155 ci
868 2113 1009 2154 modo
1029 2111 1263 2153 versantur.
1330 2106 1477 2148 Primo
1497 2101 1789 2155 inquiru11t,an

526 2191 569 2232 in
588 2197 774 2246 promtu
801 2179 850 2222 fit
879 2189 947 2219 eas
972 2179 1193 2232 integrare
1221 2189 1230 2216 ·.
1267 2172 1311 2213 id
1330 2170 1361 2214 fi
1387 2168 1546 2219 fuerit,
1585 2164 1787 2264 obtinue}

1687 2238 1765 2267 run
