2013 2719
318 168 407 215 DE
440 124 774 215 PROPAGAT.
813 163 1088 214 FVNGOR.
1129 168 1212 211 ecc.
1338 173 1428 219 265

103 274 110 279 ⁷
157 277 327 323 breuius
352 280 552 321 radicato
579 278 781 320 insident.
852 275 936 320 Sed
968 275 1151 319 succeffu
1183 274 1403 330 temporis
1424 301 1437 325 ,

157 345 332 400 quando
351 344 591 398 capitulum
613 357 712 386 cum
729 342 916 385 lamellis
927 342 1195 384 marcescere
1222 351 1265 382 et
1286 353 1440 382 corru-

157 411 308 464 ptioni
330 409 576 451 obnoxium
594 409 691 450 fieri
709 409 864 462 incipit
887 436 899 460 ‚
924 409 1050 450 radix
1067 407 1118 448 fit
1137 406 1442 460 craffior7pro-

157 475 325 517 fundius
346 476 391 516 in
410 485 576 515 terram
596 473 818 515 descendit
836 481 881 514 et
911 485 1094 527 paruum
1119 473 1232 526 quasi
1251 471 1377 512 tuber
1398 482 1443 510 e-

156 541 301 591 vadit,
338 552 430 581 non
451 538 584 580 alium
605 539 650 578 in
668 538 830 588 finem,
868 550 998 592 quam
1015 547 1064 579 vt
1085 536 1146 577 ibi
1166 537 1378 591 perduret
1399 543 1444 576 et

158 604 355 659 sequenti
388 616 504 645 anno
540 616 705 645 nouum
733 603 951 658 producat
976 602 1172 654 fungum.
1274 601 1442 643 Exem*

164 669 284 722 pium
306 668 428 709 huius
446 669 512 708 rei
547 669 729 723 praebet
756 669 926 720 Fungus
954 667 1156 707 bufonius
1186 664 1444 706 orbicuiaris

164 734 215 776 C.
238 733 286 775 B.
324 730 528 774 secundus
566 735 703 787 magis
734 731 998 773 orbiculatus
1026 759 1038 782 ‚
1085 731 1271 783 superne
1300 728 1442 770 modo

162 797 294 838 filscus
314 809 368 837 ex
387 795 486 835 albo
507 797 756 849 pallescens,
795 797 937 837 modo
963 796 1096 836 flauus
1124 794 1303 848 fuligine
1332 792 1443 833 infe-

161 863 276 913 Ctus,
315 858 491 905 maculis
514 860 617 902 aibis
638 871 681 900 et
701 862 834 912 nigris
854 860 1031 912 aspersis
1058 888 1069 911 ‚
1109 859 1288 901 rubetae
1316 859 1445 899 colo-

162 940 257 968 rem
275 924 467 965 referens
488 951 499 975 ,
537 922 708 965 inferne
731 924 846 963 albus
865 924 974 964 striis
992 923 1184 963 subfuscis
1202 923 1366 964 leuibus
1382 922 1445 962 di-

161 990 347 1039 funerus,
382 989 448 1030 vti
466 988 604 1041 ipsum
627 989 827 1030 describit
850 989 901 1031 C.
921 987 1138 1030 Bauhinus
1156 989 1201 1028 in
1220 988 1311 1028 Pin.
1356 988 1444 1028 Hu-

157 1054 219 1093 ius
239 1051 651 1107 figuram7quoniam
674 1054 874 1094 nondum
893 1053 1061 1107 prostat
1075 1052 1449 1106 apudssotanims,

156 1115 227 1157 hic
251 1116 525 1169 exhibemus,
568 1128 611 1159 et
633 1119 809 1173 quidem
838 1111 1062 1159 iuniorem
1091 1119 1135 1158 in
1154 1118 1244 1171 Fig.
1271 1131 1310 1156 1.
1332 1115 1447 1156 anti-

160 1181 365 1233 quiorem
383 1195 493 1223 vero
515 1192 557 1224 et
579 1184 726 1225 radice
746 1186 915 1225 auctum
936 1184 1012 1237 Fig
1051 1197 1091 1223 2.
1169 1184 1279 1225 Huic
1298 1182 1446 1222 similis

159 1244 329 1296 Fungus
346 1245 390 1285 in
410 1246 660 1298 palustribus
677 1248 901 1301 frequens,
944 1248 1068 1289 nobis
1090 1248 1265 1289 audiens
1283 1245 1446 1299 Fungtts
1467 1255 1536 1294 pig,
1564 1262 1589 1294 3·

154 1305 354 1362 palustris
373 1310 548 1361 capisulo
563 1311 764 1364 pustulam
781 1310 986 1363 longissime
1007 1310 1222 1352 indicatus
1243 1337 1254 1361 ,
1295 1311 1445 1364 quira-

161 1372 257 1412 dice
278 1383 465 1424 repente
487 1373 707 1415 instruetus
727 1373 898 1426 longius
918 1376 1051 1427 repit.
1120 1376 1217 1417 Nec
1238 1387 1330 1414 non
1342 1374 1446 1415 alius

161 1436 313 1475 minor
344 1462 357 1485 ,
404 1435 568 1489 1⁴'lc72glcs
588 1435 863 1491 minorsushns
881 1438 1058 1491 capitulo
1078 1440 1211 1479 comico
1233 1440 1358 1479 nobis
1381 1439 1443 1478 di-
1473 1463 1546 1501 Fig.
1569 1470 1602 1501 4,

162 1500 248 1541 «stus
273 1527 284 1549 ‚
323 1501 394 1551 qui
414 1501 531 1540 inter
569 1502 740 1542 muscos
760 1502 907 1543 radice
927 1501 1176 1556 longiffima
1196 1514 1239 1545 et
1259 1505 1448 1558 perenni

164 1574 386 1618 prouenit.

286 1643 325 1668 2.
391 1628 570 1670 Dantur
613 1632 748 1686 Fungi
785 1631 913 1686 lignis
941 1633 1124 1687 putridis
1147 1634 1442 1690 adnascentes,

166 1692 237 1745 qui
269 1693 428 1746 pariter
452 1696 496 1735 in
521 1694 605 1736 illis
625 1696 792 1738 radices
817 1699 991 1752 longius
1013 1709 1144 1752 agunt
1169 1711 1212 1741 et
1233 1714 1313 1754 per
1334 1702 1442 1757 hye'-
1466 1728 1524 1767 Fig
1562 1734 1576 1742 .

169 1769 289 1796 mem
313 1757 476 1800 durant.
545 1760 660 1801 Talis
682 1762 739 1802 est
770 1763 940 1816 Fuugus
969 1764 1254 1805 dumetorum
1277 1779 1333 1808 ex
1353 1782 1444 1809 vno
1528 1752 1533 1759 Ι
1560 1743 1586 1768 ³·

169 1821 281 1873 pede
295 1821 736 1876 multiplexTournefi
757 1827 856 1885 Inst.
871 1829 942 1882 qui
960 1830 1132 1882 quando
1148 1831 1376 1883 putrescit,
1402 1835 1445 1876 in
1496 1852 1518 1856 s

167 1885 333 1926 radices
359 1887 442 1929 abit
468 1889 732 1943 longissimas
761 1894 1056 1945 nigricantes,
1093 1894 1326 1936 secundum
1355 1907 1445 1939 tra-

167 1950 283 1990 <stum
301 1949 405 2003 ligni
423 1956 586 2006 putridi
606 1956 918 1998 descendentes
944 1968 988 1998 et
1015 1958 1160 2000 media
1181 1959 1343 2012 hyeme
1369 1965 1443 2004 ad-

167 2011 249 2053 huc
283 2016 545 2070 conspicuas,
562 2034 652 2062 non
679 2023 806 2063 aliam
829 2022 885 2062 ob
914 2024 1238 2078 causam,quam
1257 2036 1304 2066 vt
1325 2038 1443 2069 anuo

166 2077 357 2132 sequenti
380 2095 520 2125 nouos
544 2088 792 2138 producant
822 2086 991 2140 fungos.
1060 2089 1129 2131 Ex
1148 2088 1213 2129 his
1231 2089 1442 2146 filciiepa-

167 2151 236 2213 tet
279 2171 290 2194 7
338 2147 438 2198 quid
457 2147 536 2188 sint
558 2150 619 2191 iili
639 2151 755 2206 fungi
773 2166 795 2192 a
813 2153 1065 2206 quibusdam
1085 2155 1306 2196 autoribus
1327 2158 1443 2198 intra

164 2207 488 2264 1Pfflmlignum
510 2214 724 2259 obseruati
750 2245 760 2267 ‚
799 2229 960 2271 nempe
989 2218 1096 2264 nihii
1122 2220 1236 2263 aliud
1262 2249 1275 2274 7
1314 2234 1442 2274 quam

756 2280 863 2324 Mm
901 2297 928 2324 ς’.
1326 2286 1440 2328 radi«
