2013 2719
276 189 364 240 DE
402 185 706 236 SERIEBVS
742 186 1291 234 RFCVRRENTJBVS.
1359 204 1421 242 99

224 316 262 343 1.
305 317 344 343 1.
390 316 428 342 1.
474 316 511 341 1.
555 314 598 342 0.
636 316 723 352 -4.
758 310 879 350 -15.
914 312 1036 352 -41.
1075 308 1195 350 —97.
1234 310 1389 348 ——-2o9.

154 368 237 410 erit
263 367 336 426 ἓξὲξ
360 367 568 420 proxime
589 364 774 420 aequalis
792 364 927 405 radici
953 364 1172 404 maximae
1198 362 1424 416 aequatio-

154 434 218 475 nis
240 430 512 485 propositae.
560 430 689 472 Circa
709 428 819 469 hanc
839 430 1025 469 alteram
1045 426 1310 469 methodum
1329 438 1424 466 mu-

154 497 257 538 tatis
277 495 493 537 mutandis
512 494 584 535 vsu
602 494 783 534 venient
810 493 960 533 omnia
980 505 1057 543 ea,
1095 506 1203 546 quae
1231 486 1295 534 §§.
1350 504 1366 530 1
1383 502 1422 541 5.

162 566 233 602 16.
263 571 335 611 17.
360 571 403 601 et
438 562 509 599 18.
531 566 781 599 memorata
801 556 893 598 sunt
929 583 940 607 ‚
992 557 1202 596 nimirum
1230 554 1353 608 poffe
1374 568 1424 595 o-

157 625 324 666 mnibus
351 622 650 664 incommodis
680 620 856 663 obuiam
884 621 938 661 iri
965 618 1216 661 huiusmodi
1236 619 1425 672 positio-

158 689 276 730 nibus
295 693 518 745 xzyssa„
539 684 982 740 Vtraquesaepiffime
996 683 1231 724 methodus
1244 683 1330 724 fine
1344 682 1429 723 vlla

159 754 500 807 praeparatione
522 750 826 801 locumhabet‚
845 749 1074 804 aliquando
1095 750 1249 800 vnica,
1288 758 1332 789 et
1351 748 1428 788 ali-

156 819 326 873 quando
346 817 647 870 neutratquod
667 816 877 868 posterius
897 824 1047 855 tamen
1066 826 1168 854 raro
1188 813 1432 865 contingit3

159 880 385 924 sed-ambae
396 880 568 932 semper
589 880 685 932 post
705 878 978 932 positionem
996 878 1142 918 debite
1161 877 1315 920 fastam
1335 889 1432 917 x:

147 960 176 1002 y
188 944 431 1001 -47a7modo
444 944 608 985 radices
620 934 756 984 rea'les
770 941 904 983 adsint
924 941 1154 983 succedunt
1169 956 1182 993 ·,
1200 941 1430 995 aliquando

160 1011 292 1052 etiam
304 1008 642 1060 vn217interdum
662 1009 798 1049 altera
810 1005 1167 1059 compendiofius
1186 1005 1431 1047 adhibetur.

278 1087 353 1113 22.
423 1073 625 1126 Superest
643 1084 690 1114 vt
712 1073 958 1122 ostendam,
991 1071 1224 1125 quomodo
1253 1070 1432 1111 fraffio-

157 1150 261 1179 num
280 1139 574 1179 incommodo
593 1137 841 1178 remedium
862 1135 1008 1177 afferri
1027 1134 1155 1188 poffit
1177 1136 1220 1176 in
1247 1145 1432 1188 Vtraque

159 1201 379 1243 methodo
399 1219 406 1244 :
447 1202 678 1255 proposita
690 1202 819 1243 fuerit
841 1201 1042 1255 aequatio
1063 1202 1278 1253 generalis
1299 1199 1431 1240 intel-

158 1266 340 1317 ligendo
364 1279 516 1318 pera,
554 1266 607 1318 b,
645 1279 694 1316 c,
729 1266 756 1305 d
791 1277 875 1306 etc.
916 1278 1124 1308 numeros
1154 1266 1354 1318 integros
1382 1263 1435 1304 ad

162 1340 291 1379 quam
319 1330 629 1379 aequationem
657 1341 811 1366 omnes
838 1330 986 1367 reduci
1013 1329 1188 1380 possunt
1215 1358 1226 1380 ‚
1273 1341 1436 1381 nempe

163 1389 270 1430 haec

515 1451 945 1498 azhx-i-0·xx-†-dx
956 1453 969 1478 ³
979 1460 1046 1498 -4-

163 1516 346 1556 Obuiam
365 1515 497 1554 ibitur
508 1514 785 1555 fractionibus
804 1517 1019 1567 ponendo
1040 1527 1192 1568 xzay.
1266 1519 1435 1559 Verum

164 1579 191 1619 fi
210 1579 252 1618 in
274 1578 455 1619 secunda
475 1578 695 1619 methodo
717 1589 918 1620 occurrat
937 1580 1142 1634 aequatio

163 1641 459 1683 a.1·⁷'²:bx⁷⁷²“¹
514 1650 580 1690 -ηῑ-
617 1642 766 1683 curm-²
778 1673 881 1684 .....
920 1651 986 1690 -ι-
1004 1644 1032 1685 d
1056 1646 1313 1698 ponendum
1350 1647 1433 1688 erit

168 1709 304 1769 xz}
325 1707 449 1761 fiiepe
476 1717 626 1749 tamen
654 1721 745 1750 non
773 1710 887 1750 male
910 1710 1139 1751 omittitur
1164 1709 1272 1751 haec
1290 1711 1433 1752 substi-

165 1783 295 1823 tutio.

287 1859 361 1898 23,
427 1847 594 1887 Finiam
633 1846 911 1900 praesentem
962 1848 1313 1890 dissertationem
1359 1851 1435 1892 de·-

169 1910 485 1952 monstratione
504 1911 796 1953 theorematis
814 1912 906 1953 Dni
924 1913 1181 1965 Bernoulli⁷
1222 1928 1274 1955 ne
1293 1929 1373 1969 qua
1391 1915 1437 1958 in

168 1987 214 2014 re
235 1974 365 2015 desim
384 1975 707 2017 humanissimae
734 1977 990 2018 inuitationi
1011 1978 1306 2021 celeberrimi
1326 1980 1437 2032 Viri,

169 2039 283 2080 cuius
304 2041 542 2083 amicitiam
563 2052 606 2082 et
627 2041 1053 2094 consanguinitatem
1073 2043 1247 2097 semper
1275 2045 1436 2086 colam.

283 2103 464 2146 Lemma.
537 2106 580 2149 Si
598 2106 698 2156 AB,
734 2106 838 2156 AC,
879 2117 922 2147 et
942 2107 1027 2149 AD
1056 2107 1136 2148 sint
1157 2121 1276 2149 arcus
1296 2110 1435 2150 circu·
1458 2129 1536 2160 Tab.
1571 2129 1628 2161 W.

169 2167 276 2210 lares
301 2169 580 2214 arithmetice
615 2170 982 2226 proportionales
1015 2173 1267 2230 dicaturque
1294 2175 1437 2216 radius
1460 2173 1526 2210 Μ’·
1547 2170 1596 2203 1⁶·

765 2236 809 2278 N
850 2250 874 2276 2
1347 2251 1431 2279 :1
