2013 2719
544 159 977 210 ANATOMICAE
1240 134 1258 228 Ῐ
1341 175 1438 219 279

153 281 265 328 sum,
310 275 498 331 pluribus
521 274 654 313 etiam
679 271 775 326 post
797 281 998 314 mortem
1020 269 1167 311 diebus
1195 296 1207 322 ‚
1249 281 1341 312 non
1355 270 1438 329 obj

154 344 289 385 stante
312 353 410 382 aere
429 337 702 393 gelidissimo.

274 468 397 511 Solet
415 479 585 522 quoque
606 466 651 505 in
674 464 871 517 plurimis
891 463 1083 506 subiee‘tis
1104 463 1216 505 haud
1235 478 1336 507 raro
1353 464 1431 506 ob-

152 535 310 578 seruari
361 530 593 573 columella
630 528 838 569 bifurcata
880 529 1007 570 instar
1052 528 1196 569 dentis
1234 530 1430 572 molaris.

152 603 267 643 Haec
290 596 516 652 particula,
555 606 662 648 quae
684 593 783 634 alias
803 595 935 634 vnico
957 593 1082 647 apice
1101 593 1269 633 constat
1294 622 1303 645 ,
1335 596 1429 636 vul-

152 677 211 718 go
236 664 448 718 plestrum
465 661 586 700 vocis
614 657 874 712 appellatur.
943 659 1014 699 An
1036 671 1057 698 a
1078 659 1429 711 primaeuacon-

153 728 423 769 formatione
445 721 460 763 ἓ
498 726 570 765 vel
592 723 640 762 ab
663 723 881 763 exercitio
901 724 1028 763 vocis
1049 731 1119 762 aut
1136 722 1428 764 vociferatio-

153 794 272 834 nibus
293 788 308 830 ?
344 798 578 842 Vtrumque
600 787 827 840 probabile
846 787 917 828 est.
988 787 1190 840 Namque
1211 786 1323 829 haud
1343 788 1428 828 im-

153 856 348 911 possibile
376 852 457 892 effe
478 853 673 900 videtur,
715 861 763 891 vt
785 851 871 890 duo
894 850 1130 902 cylindruli
1148 851 1425 903 musculares,

154 922 286 975 quiin
321 915 552 958 columella
579 915 715 955 laxius
744 915 857 955 vniti
886 926 932 953 ac
959 914 1246 956 solummodo
1277 917 1428 956 conti-

150 986 220 1038 gui
247 984 338 1023 sunt
364 1010 375 1032 ‚
412 980 593 1020 successu
631 980 852 1032 temporis
877 979 1030 1019 laxato
1066 991 1224 1018 eorum
1246 980 1452 1026 vinculo,

148 1046 352 1099 simulque
373 1045 626 1085 membrana
654 1043 907 1096 glandulosa
930 1042 1304 1094 eosinuestiente,
1343 1055 1365 1083 a
1385 1045 1427 1084 se

144 1110 336 1151 inuicem
358 1118 674 1149 remoue-antur
693 1108 856 1162 hacque
887 1107 1193 1148 dissociatione
1222 1108 1308 1149 duo
1331 1109 1427 1162 api-

143 1186 212 1214 ces
235 1175 278 1213 in
298 1172 534 1213 columella
556 1173 822 1214 enascantur.
925 1173 1162 1223 Ceterum,
1187 1172 1429 1227 vtireliqua

145 1237 350 1289 corporis
373 1236 567 1277 membra
593 1264 602 1285 ‚
635 1237 690 1276 fic
710 1239 753 1276 in
774 1237 916 1288 specie
937 1249 1103 1289 organa
1123 1237 1247 1277 vocis
1266 1237 1424 1278 admo-

149 1300 251 1340 dum
284 1299 427 1339 valida
455 1310 500 1339 et
535 1301 707 1340 robusta
732 1300 884 1339 huicce
919 1302 1046 1352 genti
1082 1312 1105 1339 a
1125 1310 1280 1341 natura
1312 1313 1425 1343 con-

144 1362 256 1404 ceffa
272 1362 380 1404 suut.
1418 1354 1429 1361 ⁴

259 1491 417 1544 Longa
444 1500 488 1531 et
514 1490 868 1543 periculofiffima
896 1502 977 1543 per
997 1502 1174 1532 vterum
1197 1494 1424 1547 nauigatio

148 1554 228 1606 est,
268 1557 409 1596 donec
426 1556 470 1595 in
492 1564 674 1607 portum
695 1567 832 1595 nouus
852 1554 1011 1608 hospes
1025 1556 1421 1612 proficuum-‚pro-

148 1621 214 1661 vti
233 1621 455 1660 innumera
475 1618 682 1672 exempla
709 1619 869 1660 afferto
896 1618 1030 1660 fidem
1057 1619 1232 1661 faciunt.
1335 1623 1422 1665 Sed

149 1697 331 1738 quanam
356 1685 519 1724 virtute
546 1683 731 1725 tenellus
759 1684 946 1737 embryo
973 1684 1246 1725 atrocissimis
1267 1686 1419 1741 plagis,

148 1747 751 1803 vulneribus,tormentisque
773 1747 935 1789 resistet
965 1750 1080 1790 intra
1108 1750 1256 1803 potius
1286 1764 1419 1805 quam

151 1822 276 1853 extra
293 1822 463 1853 vterum
493 1810 509 1852 ?
542 1813 592 1854 Id
621 1815 824 1868 equidem
842 1824 1021 1867 captum
1052 1814 1246 1855 nostrum
1270 1824 1416 1856 trans-

150 1877 309 1917 cendit.
377 1877 517 1918 Infans
552 1879 595 1917 in
635 1878 714 1918 hac
742 1878 847 1918 vrbe
877 1888 1000 1918 natus
1028 1879 1084 1919 est
1115 1890 1213 1918 cum
1234 1879 1417 1921 enormi

147 1941 327 1982 vulnere
346 1952 489 1983 totum
510 1944 726 1984 verticem
747 1954 1020 1995 occupante,
1042 1956 1089 1983 ac
1112 1943 1233 1983 tenui
1252 1942 1415 1984 solum—

149 2006 286 2045 modo
318 2005 513 2058 pellicula
540 2008 728 2049 obduc‘to
758 2034 768 2057 ‚
811 2020 890 2060 per
910 2020 1037 2061 quam
1060 2006 1268 2049 austadius
1288 2020 1413 2048 cere·

146 2069 209 2109 bri
245 2071 287 2110 in
324 2072 601 2125 conspecstum
628 2072 876 2113 veniebant.
946 2072 1159 2112 Posterius
1185 2072 1271 2112 duo
1289 2072 1413 2125 globi

146 2133 213 2173 seu
236 2144 428 2177 tumores
447 2136 683 2189 exstabant,
714 2136 874 2177 sinister
896 2137 1033 2192 pugni
1059 2137 1411 2192 magnitudinem

148 2194 263 2238 Tom.
296 2198 376 2239 m.
745 2200 786 2242 Ο
801 2214 828 2242 o
1302 2201 1408 2242 dex-
