2013 2719
530 205 629 247 -194
883 227 890 230 .
984 183 1370 233 MONSTRVM

530 298 660 340 (tans.
734 309 775 336 2.
843 294 1023 336 Arteria
1043 295 1087 335 in
1107 304 1196 334 tres
1216 306 1363 335 ramos
1384 293 1795 351 desinens,quorum

527 362 684 402 dexter
719 372 817 400 cum
856 359 1111 400 subclauiam
1140 369 1231 400 tum
1262 359 1513 400 carotidem
1533 359 1732 401 dextram
1753 363 1797 402 in

523 426 642 466 vsum
665 425 788 477 supra
811 434 1086 465 memoratae
1106 424 1285 478 cuspidis
1308 424 1451 477 gignit
1491 438 1503 475 3
1540 424 1707 465 Medius
1727 438 1795 465 ca-

523 489 722 530 rotidem
746 487 953 530 sinistram
974 516 986 541 ,
1023 487 1186 530 sinister
1206 487 1462 529 subclauiam
1484 487 1791 544 sinistramrex-

524 553 660 595 hibet.

643 616 785 671 Supra
805 615 1321 668 vidimiis‚venti·iculum
1341 629 1441 657 cum
1457 615 1664 657 intestino
1689 616 1795 657 duo-

525 681 676 732 deno,
715 693 959 734 magnaque
980 681 1151 734 hepatis
1175 682 1392 734 portione
1416 708 1428 731 7
1484 682 1593 720 item
1613 680 1795 733 lienem,

524 758 750 800 pancreas,
771 755 1091 798 omentumque
1104 744 1308 785 Thorace
1330 744 1486 786 inclusa
1510 745 1609 795 esse,
1629 745 1798 786 Eonon

527 810 749 861 obstante,
788 808 982 863 praefata
1002 808 1166 850 viscera
1187 809 1230 849 in
1253 808 1490 850 abdomine
1513 808 1708 850 similiter
1725 821 1798 849 oc-

527 883 731 924 currunt,
749 891 753 893 -
773 874 980 914 nimirum
1001 873 1268 913 ventriculus
1287 886 1382 914 cum
1402 874 1518 915 liene
1539 901 1550 924 ‚
1592 885 1798 926 pancrea-

528 949 574 979 te
622 965 634 988 ,
683 947 871 978 omento
901 949 948 977 ac
968 936 1131 989 hepate
1152 937 1280 977 ambo
1302 937 1643 991 hypochondria
1671 950 1797 978 occu-

528 1011 663 1054 pante
684 1028 694 1051 ‚
730 1002 774 1040 in
797 1013 882 1054 quo
907 1001 1012 1040 duae
1036 999 1243 1039 vesiculae
1262 1000 1438 1040 bil-ariae
1469 1015 1603 1053 pauca
1623 1002 1707 1044 bile
1728 1002 1800 1042 ad-

531 1065 717 1104 modum
735 1063 866 1104 fluida
889 1063 1083 1104 imbutae
1103 1062 1361 1114 conspicuae
1378 1062 1488 1101 sunt.
1589 1064 1687 1102 Hoc
1708 1075 1799 1102 vno

530 1136 760 1180 except0‚
801 1127 1087 1167 conditiones
1106 1127 1296 1180 reliquae
1326 1124 1540 1165 naturales
1567 1134 1799 1177 apparent.

645 1193 818 1234 Renum
856 1200 1013 1230 contra
1043 1189 1305 1228 difformitas
1356 1188 1565 1238 statusque
1602 1197 1801 1237 praeter-

529 1254 738 1294 naturalis
779 1280 790 1302 ,
834 1253 943 1292 item
981 1263 1135 1291 renum
1171 1250 1593 1289 succenturiatorum
1630 1258 1720 1286 tam
1758 1249 1802 1289 in

528 1316 672 1357 hocce
711 1328 839 1368 quam
874 1316 918 1354 in
946 1311 1172 1356 Casanensi
1200 1311 1398 1353 monstro
1419 1311 1595 1363 aliisque
1617 1309 1803 1352 foetibus

531 1390 686 1421 notata
708 1378 966 1432 dispositio,
1009 1378 1137 1430 digna
1155 1376 1249 1416 sunt
1293 1403 1304 1426 ‚
1344 1386 1392 1416 vt
1424 1375 1557 1416 oculis
1581 1373 1802 1415 subiici-an-

529 1454 601 1486 tur
625 1432 981 1496 annotentur-que
1021 1458 1029 1482 ;
1068 1441 1183 1482 Nam
1206 1468 1217 1490 ‚
1259 1439 1375 1492 qnod
1413 1440 1465 1481 ad
1494 1450 1620 1479 renes
1641 1440 1801 1481 attinet

529 1508 894 1555 succenturiatos,
934 1503 1130 1543 nonsola
1151 1503 1409 1554 magnitudo
1431 1515 1610 1550 eorum,
1648 1515 1802 1543 verum

534 1573 664 1626 copia
683 1569 893 1621 sanguinis
920 1566 1043 1607 diluti
1065 1566 1284 1617 imprimis
1304 1564 1533 1617 conspicua
1555 1565 1634 1614 cst,
1676 1578 1803 1618 quam

533 1637 579 1677 in
597 1636 638 1675 se
659 1634 894 1673 continent
932 1643 978 1670 ac
1006 1631 1050 1670 in
1076 1629 1257 1669 modum
1279 1627 1561 1681 receptaculi,
1585 1629 1801 1670 insenum

537 1699 656 1739 forte
678 1698 865 1750 gratiam
886 1695 1102 1747 recipiunt
1124 1721 1134 1744 ‚
1179 1691 1300 1733 sicuti
1329 1692 1381 1733 de
1409 1691 1486 1732 hac
1504 1703 1550 1733 re
1572 1691 1801 1746 aliquando

535 1764 798 1805 sententiam
821 1772 964 1802 meam
981 1756 1281 1811 suppeditabo.

652 1827 777 1868 Loco
805 1825 868 1864 bis
887 1823 1053 1877 gemini
1071 1820 1183 1861 renis
1200 1820 1617 1872 succenturiati7duo
1641 1819 1802 1861 solum·

538 1890 680 1932 modo
702 1890 1012 1939 inueniuntur,
1050 1897 1234 1940 quorum
1273 1885 1480 1925 cauitates
1509 1912 1520 1935 ,
1561 1884 1627 1925 vti
1662 1884 1802 1927 modo

541 1955 657 2005 dixi,
700 1966 856 1994 cruore
875 1952 1012 1993 fluido
1032 1963 1078 1991 ac
1101 1948 1239 1990 diluto
1261 1948 1468 1989 distentae
1490 1949 1596 1989 sunt.

661 2018 829 2058 Pariter
847 2018 890 2056 in
914 2025 1101 2057 numero
1140 2025 1293 2055 renum
1314 2041 1324 2065 ‚
1345 2012 1557 2055 desed'tum
1577 2010 1804 2054 obseruare

537 2080 666 2121 licet:
739 2082 855 2124 Nam
881 2093 1010 2134 quum
1038 2080 1083 2119 in
1108 2076 1246 2119 hocce
1264 2076 1450 2118 subiec‘to
1481 2076 1642 2129 duplex
1658 2074 1803 2128 spinae

543 2145 721 2188 dorsalis
744 2146 899 2189 dextra
918 2143 1163 2199 sinistraque
1182 2141 1286 2184 adsit
1314 2169 1325 2196 ‚
1363 2140 1529 2186 necess'e
1550 2141 1606 2184 est
1631 2166 1643 2191 ,
1679 2148 1727 2180 vt
1751 2139 1803 2179 ad

1633 2212 1801 2245 vti-am-
