2013 2719
267 181 544 234 CVRVAT.
581 178 741 230 LAM.
779 177 997 229 ELAST.
1034 176 1121 227 ΕΤ
1155 177 1396 228 GRAVIS
1417 195 1475 237 71

203 309 333 353 qnam
352 296 515 338 lamina
537 295 704 336 elastica
722 294 864 349 grauis
883 306 975 336 vno
987 293 1185 334 termino
1205 291 1397 342 firmata,
1421 290 1483 331 al-

203 371 305 404 tero
325 362 582 416 potentiam
619 360 813 415 quamuis
839 360 1106 414 applicatam
1125 357 1212 399 hab
1225 369 1300 399 ens
1389 354 1482 397 for—

204 439 313 470 mat.
400 428 529 469 Nunc
556 438 668 466 vero
691 424 801 465 hanc
823 437 918 465 rem
939 422 1186 478 generalius
1208 419 1486 475 complefflir

202 492 415 534 laminam
438 492 482 531 in
501 489 671 544 singulis
692 490 860 543 punctis
881 499 1098 542 vtcunque
1142 488 1361 530 elasticam
1384 514 1396 537 ,
1439 496 1484 527 et

203 567 383 612 praeter
407 555 578 610 pondus
599 553 839 607 appensum
882 552 1199 607 qualescunque
1239 551 1485 606 applicatas

206 623 444 663 habentem
499 619 717 673 positurus
757 634 770 670 ·‚
826 617 964 672 quue
1022 626 1269 670 eapropter
1305 643 1317 666 ,
1368 626 1481 667 tum,

207 687 325 741 quod
347 714 358 736 ,
400 684 476 725 etfi
496 686 587 738 quis
609 697 744 725 vnum
767 682 839 724 vel
861 683 1048 724 alterum
1072 681 1210 722 castim
1243 678 1481 734 particula-

206 765 301 792 rem
323 750 555 801 elicuerit,
597 747 830 802 problema
861 758 1011 788 tamen
1038 746 1125 786 hoc
1154 746 1296 786 modo
1327 756 1482 798 perce-

208 826 333 870 ptum
372 814 533 855 exinde
563 827 655 854 non
688 812 799 853 adeo
829 810 953 853 facile
985 810 1177 852 soluatur
1207 826 1220 862 ·,
1257 821 1352 851 tum
1374 822 1482 864 pro-

209 891 310 934 pter
330 879 542 919 summam
564 879 652 918 eius
670 875 1046 917 vniuersalitatem
1070 893 1077 917 ς
1117 876 1286 916 etenim
1311 887 1401 914 non
1414 875 1482 915 so-

208 945 296 985 lum
317 944 367 983 ad
390 953 638 983 cui-naturas
668 940 931 982 laminarum
952 941 1362 994 quomodocunque
1393 938 1482 980 ela-

206 1009 403 1049 sticarum
427 1008 698 1048 extenditur.
767 1006 937 1047 Verum
969 1006 1104 1045 etiam
1137 1005 1189 1045 ad
1211 1017 1361 1044 cui-nas
1382 1017 1482 1043 cor-

206 1085 369 1127 porum
397 1071 590 1125 perfecte
617 1070 878 1112 flexibilium
910 1081 953 1110 et
989 1084 1010 1110 a
1043 1070 1262 1123 potentiis
1290 1081 1482 1122 quomo-

202 1138 433 1191 docunque
452 1137 794 1178 sollicitatorum
814 1135 1149 1176 accommodari
1169 1134 1332 1188 potest3
1351 1135 1411 1175 ita
1437 1143 1484 1174 ut

203 1215 262 1244 ex
315 1214 370 1242 eo
403 1203 603 1243 omnium
659 1213 904 1255 corporum
958 1199 1219 1241 flexibilium
1282 1208 1486 1239 curuatu-

204 1280 280 1307 rae
299 1267 489 1307 inueniri
509 1267 683 1319 poffint.
757 1265 946 1308 Accedit
969 1275 1200 1318 praeterea
1224 1292 1234 1313 ,
1276 1264 1394 1318 quod
1414 1264 1483 1304 so-

208 1329 620 1379 lutioproblematis
640 1330 728 1367 hoc
747 1331 864 1367 sensu
884 1331 1056 1379 accepti
1077 1331 1154 1369 vix
1176 1328 1403 1381 prolixior
1424 1342 1469 1368 e-

208 1392 338 1431 vadat
386 1417 398 1440 ,
456 1402 583 1443 quam
612 1390 655 1428 in
684 1390 835 1443 quouis
855 1390 946 1429 casu
967 1391 1156 1442 speciali.
1226 1394 1348 1430 Ante
1370 1404 1482 1431 vero

209 1467 336 1508 quam
360 1454 496 1505 ipsum
519 1453 750 1504 problema
772 1454 953 1503 aggredi
975 1453 1143 1505 poffnm
1168 1482 1178 1503 ‚
1223 1454 1390 1496 necesse
1422 1455 1480 1497 est

209 1516 418 1557 nonnulla
445 1516 738 1570 praemittere
758 1515 971 1556 solutioni
991 1515 1286 1557 inseruientia.

702 1602 960 1661 Hypothests.

325 1690 370 1733 Si
399 1692 505 1733 duae
526 1692 676 1746 virgae
704 1692 766 1734 aB
809 1719 821 1742 2
879 1693 956 1735 BC
982 1691 1025 1731 in
1046 1691 1081 1733 B
1106 1691 1280 1733 elatere
1308 1692 1477 1735 iunecae
1502 1716 1613 1755 rig-1.

207 1768 229 1796 a
248 1759 453 1809 potentia
472 1756 557 1799 AD
580 1759 622 1797 in
642 1757 768 1798 situm
798 1757 916 1801 ABC
941 1769 1234 1811 torqueantur
1253 1785 1266 1808 ,
1306 1769 1354 1799 vt
1378 1772 1475 1811 ang.

204 1821 312 1863 ΑΒΔ
330 1821 700 1875 comprehendat.
799 1823 895 1863 Erit
922 1833 1206 1863 momentum
1239 1824 1476 1876 potentiae

201 1886 291 1927 AD
314 1887 356 1926 in
375 1887 410 1929 B
429 1898 478 1928 vt
497 1888 560 1929 vis
582 1887 751 1928 elastica
771 1888 814 1927 in
834 1888 869 1930 B
889 1897 933 1928 et
956 1886 1133 1939 angulus
1151 1887 1259 1930 Assa
1285 1889 1471 1928 coniun-

204 1951 322 1992 ctim.
389 1954 485 1993 Hoc
511 1951 674 1994 scilicet
701 1953 859 1995 factum
880 1951 1152 2006 aequipollet
1223 1951 1336 1995 fatto
1414 1966 1472 1998 ex

202 2017 410 2067 potentia
427 2017 513 2059 AD
532 2020 577 2058 in
595 2018 688 2061 AB.
779 2017 1021 2059 Assumitur
1040 2017 1175 2071 vulgo
1195 2016 1302 2058 haec
1321 2017 1469 2072 hypo-

201 2078 330 2120 thesis
351 2097 363 2133 ·,
402 2084 488 2123 eius
509 2092 660 2123 tamen
680 2083 843 2124 veritas
864 2081 892 2124 fi
920 2082 1097 2135 angulus
1124 2083 1232 2124 ABa
1252 2082 1311 2124 est
1331 2083 1469 2124 vehe-

202 2154 376 2186 menter
405 2161 561 2201 paruus
594 2148 693 2190 satis
714 2146 1004 2205 probabiliter
1024 2148 1172 2204 potest
1194 2147 1372 2205 phyfice
1395 2149 1471 2189 de-

202 2210 449 2254 monstrari.

1337 2275 1471 2321 Lem·-
