2013 2719
557 189 651 237 248
1005 179 1105 228 DE
1128 180 1350 228 RADHS

558 288 683 331 tilem
704 301 757 330 ex
774 288 1024 343 quibusdam
1044 289 1191 343 figuris
1211 292 1256 331 in
1276 290 1443 343 Georg.
1472 292 1607 334 Andr.
1635 291 1819 338 Helu-ln·

548 356 613 407 gii
629 351 932 406 Llllwgraphiu
951 354 1264 408 Angerhusgica
1283 356 1526 408 conspicuis
1551 371 1638 399 non
1665 360 1820 413 solum,

553 418 623 458 scd
645 429 686 457 et
707 431 797 458 vno
816 417 887 456 vel
906 418 1048 459 altero
1071 420 1193 461 huius
1211 422 1383 473 generis
1403 420 1549 474 lapide
1564 450 1575 472 ,
1601 436 1622 462 a
1642 419 1818 480 Mcffer-

540 479 736 536 jchmjslzo
758 493 800 522 et
819 480 1060 523 Goth-waldo
1080 484 1232 526 Museo
1250 486 1552 538 Imperatorio
1579 486 1730 537 illato,
1757 490 1823 530 iu-

555 546 700 586 dicare
715 547 835 587 licet.
907 549 1027 604 Quos
1048 550 1163 601 prius
1181 551 1437 590 inueneram
1487 578 1497 600 ,
1548 550 1684 591 relicti
1701 552 1821 592 vide-

554 610 710 651 bantur
731 624 753 651 a
771 610 854 651 basi
871 612 1050 665 Templi
1070 614 1193 665 supra
1214 615 1313 655 dic'ti
1337 641 1347 664 ‚
1388 626 1442 653 ex
1472 615 1588 667 puris
1609 615 1823 658 eiusmodi

553 673 765 727 lapidibus
786 675 995 717 exstrueta
1026 705 1038 728 ,
1075 691 1203 730 quem
1229 680 1333 718 ideo
1354 677 1501 718 locum
1522 692 1605 730 pro
1625 678 1730 718 loco
1751 692 1823 720 na·-

554 739 632 779 tali
651 739 822 781 nollem
843 740 993 781 haberi
1020 756 1027 780 :
1067 742 1150 784 Cui
1171 753 1278 782 vero
1299 742 1500 783 substituo
1524 744 1743 795 integram
1771 745 1822 785 il·

552 803 640 844 lam
661 807 855 858 regionem
884 802 1063 858 cliuosam
1112 833 1123 855 ‚
1164 806 1206 844 in
1236 807 1407 858 Ingriae
1436 820 1484 846 ea
1511 819 1635 859 parte
1667 834 1677 857 ,
1718 820 1823 860 quae

552 865 806 918 Duderhofio
827 898 837 920 ‚
879 884 954 922 30·
979 869 1086 909 leuc.
1108 870 1221 913 Russ.
1241 871 1474 925 Petropoli
1493 871 1686 925 distanti,
1710 872 1822 912 vici-

554 944 607 974 na
625 934 699 983 est,
713 933 851 973 sitam.

675 1011 716 1047 3.
785 996 960 1048 Obtigit
981 996 1099 1037 enim
1143 1022 1154 1046 ‚
1193 1006 1241 1037 vt
1268 997 1379 1037 hisce
1404 1003 1449 1039 in
1474 1000 1584 1040 locis
1610 1001 1822 1054 quosdam

552 1058 715 1100 horum
731 1058 928 1112 lapidum
962 1061 1005 1099 in
1032 1062 1195 1114 campis
1222 1060 1323 1100 sitos
1350 1064 1593 1112 reperirem
1616 1089 1626 1109 ‚
1666 1066 1819 1101 variis-

495 1145 500 1148 ·
553 1135 634 1176 que
656 1123 986 1164 circumstantiis
1000 1124 1255 1176 detegerem
1275 1152 1286 1174 ,
1318 1136 1393 1164 eos
1414 1124 1458 1163 in
1472 1124 1630 1163 vicinia
1643 1123 1822 1163 effossos

553 1186 694 1237 fuiffe,
737 1197 779 1226 ct
796 1188 974 1240 quidem
994 1190 1203 1240 proxime
1226 1187 1334 1226 infra
1353 1199 1513 1238 pagum
1540 1184 1709 1224 Krasna
1725 1185 1825 1238 ficlo

555 1252 727 1290 dicium.
799 1251 972 1291 Eodem
992 1251 1125 1301 igitur
1143 1250 1269 1300 loco,
1309 1249 1587 1288 mercenariis
1607 1260 1691 1299 pro
1715 1245 1825 1285 effo-

556 1314 718 1353 diendo
742 1313 964 1353 conductis
1007 1339 1018 1362 ‚
1065 1324 1144 1365 per
1164 1322 1255 1352 tres
1275 1312 1491 1352 continuo
1513 1311 1602 1350 dies
1623 1321 1826 1361 maguam

552 1377 715 1417 horum
736 1375 931 1429 lapidum
953 1376 1129 1429 copiam
1151 1374 1311 1428 collegi
1338 1391 1351 1426 ·,
1385 1374 1553 1417 Eadem
1574 1386 1682 1414 vero
1714 1386 1823 1426 ope-

552 1454 599 1481 ra
639 1452 682 1480 ct
707 1441 941 1494 ι[ῑνιιῖονιιηι
978 1468 990 1491 ,
1026 1440 1172 1493 quibus
1200 1440 1365 1491 lapides
1384 1439 1448 1479 isti
1474 1438 1772 1479 immiscentur
1808 1464 1821 1489 ‚

553 1516 596 1546 ct
634 1518 761 1559 quae,
798 1505 865 1544 vti
924 1504 1097 1543 terebra
1151 1502 1372 1542 metallica
1419 1502 1595 1541 edocuit
1636 1528 1647 1551 ,
1723 1512 1824 1541 cum

551 1570 689 1609 stratis
744 1568 879 1607 totius
926 1565 1038 1606 illius
1089 1567 1283 1618 regionis
1333 1565 1601 1605 conueniunt
1641 1591 1652 1614 ,
1698 1564 1822 1618 IMPO-

543 1634 727 1688 Jltionem
762 1631 974 1682 inspicere
1009 1629 1129 1669 licuit
1181 1656 1192 1680 ‚
1243 1628 1551 1669 confirmatam
1581 1638 1623 1668 et
1646 1629 1819 1682 supple-

556 1707 646 1736 tam
680 1694 964 1735 relationibus
1001 1693 1168 1746 egregii
1199 1693 1419 1733 cuiusdam
1455 1692 1551 1731 Viri
1577 1721 1588 1743 ‚
1636 1693 1823 1734 officinis

555 1760 786 1801 metallicis
805 1758 994 1798 eiusdem
1013 1757 1103 1797 loci
1121 1756 1339 1810 praefecti.
1443 1753 1585 1797 Terra
1605 1758 1752 1810 primo
1774 1769 1819 1796 e-

552 1825 688 1864 ruitur
710 1852 720 1874 ,
763 1822 951 1876 haecque
971 1821 1069 1862 duas
1088 1823 1275 1875 perticas
1294 1822 1336 1860 in
1349 1821 1611 1874 profundum
1634 1832 1818 1874 proten-

556 1890 672 1929 ditur
695 1903 708 1939 ·,
744 1887 931 1940 sequitur
956 1885 1059 1941 lapis
1080 1885 1280 1926 calvarius
1311 1913 1322 1936 ‚
1363 1886 1430 1926 cui
1448 1884 1550 1926 ferri
1579 1886 1747 1926 minera
1769 1898 1818 1924 o-

555 1953 735 1992 chracca
756 1964 1080 2004 nonnunquam,
1100 1950 1266 2003 lapides
1286 1960 1430 1990 autem
1452 1949 1585 1989 nostri
1606 1949 1818 2003 copiosis·

555 2016 660 2056 sime
679 2016 976 2055 immiscentur
998 2030 1011 2067 ·‚
1048 2015 1216 2068 hocque
1237 2014 1414 2054 stratum
1435 2015 1485 2054 ad
1505 2015 1607 2054 octo
1629 2015 1819 2067 perticas

557 2081 824 2120 extenditur.
897 2078 1096 2119 Succedit
1115 2074 1373 2133 lapisfi·lffilis
1398 2106 1409 2129 ‚
1448 2089 1490 2118 et
1509 2079 1630 2130 cupri
1661 2090 1703 2119 et
1733 2077 1817 2117 fer-

555 2145 592 2185 ri
612 2143 733 2184 ferax
776 2171 788 2194 ‚
843 2142 1121 2197 cuifi’lenilici
1149 2143 1321 2197 quidam
1341 2142 1493 2182 radiati
1511 2142 1661 2196 lapides
1706 2170 1717 2194 ‚
1763 2141 1816 2181 de

556 2208 702 2263 quibus
724 2207 808 2252 alio
828 2217 1038 2264 tempore
1065 2236 1079 2262 ‚
1118 2208 1290 2251 subinde
1317 2207 1645 2252 interseruntur.
1726 2205 1816 2247 Ex·

1719 2278 1818 2312 ten⁴
