2013 2719
529 192 621 242 158
680 178 692 190 ⁵
742 184 830 231 DE
866 182 1085 231 SVLCIS
1121 181 1580 232 SCLOPETORVM

526 307 645 336 mam
668 305 845 336 tenuem
868 291 1178 348 aliquantulum
1198 292 1370 347 oblique
1388 294 1530 346 fitam,
1552 297 1603 337 ad
1623 297 1792 341 duc'tum

527 359 718 401 helicum
741 361 783 398 in
803 359 908 399 tubo
929 359 1106 398 iamiam
1127 368 1418 400 exaratarum.

652 428 692 463 8.
764 422 999 475 Cylindrus
1017 422 1182 476 ligneus
1202 423 1409 464 foramini
1430 422 1693 466 conficiendi
1710 440 1792 468 no-

525 489 571 529 vi
592 487 778 541 sclopeti
801 487 1159 540 proportionalis
1181 487 1229 528 fit
1276 514 1287 538 ‚
1346 488 1535 542 illudque
1558 492 1706 532 exacte
1724 506 1794 533 re-

527 552 646 606 pleat
669 578 679 602 ,
720 553 781 592 ita
801 561 976 602 tamen,
1017 562 1064 593 vt
1087 552 1336 606 obsequiose
1357 554 1415 593 cis
1442 563 1486 593 et
1508 564 1632 594 retro
1661 556 1793 607 agita-

527 617 565 657 ri
586 615 727 669 poffit.
768 616 893 657 Lima
913 629 1048 667 vero,
1089 617 1132 658 in
1148 617 1299 670 ligneo
1318 615 1404 658 hoc
1424 617 1626 670 cylindro
1639 631 1796 660 recon-

529 681 645 731 dita,
684 680 775 721 acie
796 679 1105 733 aliquantulum
1131 682 1407 733 promineat,
1443 692 1492 722 vt
1512 683 1796 737 pertrusocy·

528 743 676 786 lindro
698 745 804 785 tubo
827 745 985 785 rimam
1010 746 1158 786 levem
1178 745 1368 794 inducat,
1384 756 1426 786 et
1447 747 1618 799 quando
1638 748 1796 791 leniter

528 808 680 849 transit
710 809 845 858 lima,
888 821 1062 862 papyro
1098 808 1285 851 subiecto
1317 810 1514 851 eleuetur
1549 812 1791 865 tantisper,

528 883 577 914 vt
598 874 758 913 iterum
796 872 979 914 vlterius
1018 884 1198 913 excauet
1228 874 1425 925 gyralem
1452 876 1636 926 rimam,
1680 888 1722 917 et
1745 878 1794 917 lic

530 938 700 978 iteratis
741 937 929 978 duc‘tibus
966 936 1175 989 cylindri,
1218 948 1260 976 et
1292 937 1607 980 eleuatiouibus
1634 941 1793 991 limae,

529 1001 662 1042 sulcus
690 1000 787 1040 satis
826 1000 1043 1053 profunde
1067 1009 1283 1040 exaratur.

650 1078 692 1114 9.
760 1064 834 1104 His
854 1065 970 1104 reete
994 1065 1298 1116 praeparatis,
1345 1065 1517 1116 vti-ique
1539 1067 1629 1104 tubi
1673 1093 1683 1113 ,
1754 1077 1796 1104 ct

529 1127 785 1169 cochleatus
805 1137 846 1167 et
868 1127 1182 1176 cochleandus,
1224 1127 1392 1167 inliueu
1416 1129 1530 1168 resta
1551 1127 1795 1175 firmantur,

535 1202 577 1231 et
602 1191 874 1244 pertruditur
893 1193 1013 1243 virga
1041 1191 1247 1242 chalyben
1268 1203 1346 1241 per
1363 1201 1598 1240 vtrosque,
1640 1203 1797 1240 oper-„i-

538 1258 754 1307 tioquc,x·t
779 1256 861 1294 iam
884 1251 1377 1303 indicatum,perficitur.
1448 1253 1543 1292 Hoc
1572 1252 1710 1291 modo
1731 1263 1798 1289 re-

532 1320 640 1370 cipit
670 1330 805 1355 nouus
835 1318 956 1355 tubus
985 1317 1125 1369 prima
1145 1315 1415 1356 lineamenta
1445 1315 1497 1355 de
1516 1315 1656 1356 helice
1678 1314 1799 1355 indu-

527 1382 694 1429 tenda,
734 1380 999 1432 vlteriusque
1022 1379 1261 1433 perficitur.

658 1458 730 1485 10.
801 1445 967 1484 Totam
1000 1445 1316 1496 operationem
1343 1442 1581 1484 describere
1610 1442 1799 1497 superse-

537 1511 623 1550 deo
651 1537 661 1560 ,
697 1509 750 1548 ad
770 1507 981 1560 opificem
1007 1519 1055 1545 ea
1073 1507 1207 1556 magis
1229 1507 1447 1556 pertinet,
1485 1520 1611 1559 quam
1633 1509 1683 1546 ad
1704 1507 1798 1547 Me-

537 1573 780 1613 chanicum.
849 1570 1017 1610 Totum
1039 1580 1150 1609 vero
1173 1568 1357 1607 modum
1378 1568 1569 1608 indicare
1591 1568 1728 1618 volui,
1752 1577 1801 1610 vt

534 1635 807 1687 intelligatur
828 1660 839 1683 ,
879 1633 1110 1686 quomodo
1131 1644 1253 1670 nouo
1274 1630 1379 1671 tubo
1398 1631 1516 1672 idem
1544 1644 1672 1684 gyrus
1691 1631 1799 1672 heli-

539 1713 637 1741 cum
660 1699 911 1747 inducatur,
952 1697 1021 1750 qui
1040 1698 1083 1736 in
1103 1695 1332 1736 elaborato
1344 1695 1449 1735 tubo
1472 1705 1676 1748 tanquam
1690 1708 1798 1747 pro·

537 1774 707 1816 totypo
729 1772 821 1803 erat
847 1761 1079 1814 expressus.
1166 1759 1332 1800 Prodiit
1359 1759 1501 1812 itaque
1522 1771 1657 1798 nouus
1676 1758 1799 1798 tubus

537 1829 581 1868 in
602 1840 688 1881 quo
712 1840 818 1867 vnus
841 1827 1043 1866 circuitus
1062 1823 1251 1865 helicum
1278 1824 1461 1877 aequalis
1501 1824 1556 1864 est
1576 1823 1798 1864 distantiae

538 1903 744 1946 gyrarum
763 1891 950 1931 alterius.

663 1970 681 1995 1
699 1970 736 1994 1.
807 1953 1169 2012 Quandoquidem
1194 1964 1303 1994 vero
1340 1952 1565 2005 vulgarem
1599 1951 1798 2005 gyratio-

543 2032 645 2060 nem
666 2019 852 2059 helicum
874 2021 932 2059 ita
951 2018 1172 2060 conficere
1191 2017 1355 2057 soleant
1384 2018 1488 2057 artis
1512 2015 1798 2069 sclopetariae

544 2083 752 2135 magistri,
773 2094 821 2124 vt
842 2096 947 2124 vnus
973 2083 1174 2124 circuitus
1197 2081 1345 2123 helicis
1363 2082 1471 2123 duos
1490 2081 1622 2135 pedes
1645 2088 1798 2133 aequet

541 2147 860 2203 vtplurimum‚
901 2150 961 2191 ita
979 2158 1027 2190 vt
1046 2146 1214 2203 quando
1234 2158 1362 2201 gyrus
1379 2146 1540 2189 lineam
1557 2145 1736 2194 rectam,
1778 2155 1801 2182 a

1721 2219 1800 2262 qua
