2013 2719
608 154 932 202 SCYTHICA.
1325 174 1421 214 323

140 266 457 314 demonstrauit
473 265 685 320 Iosephus
713 264 1423 319 Scaligerinemendationetem-

141 348 317 391 porum.
386 332 432 375 Si
458 332 548 386 quis
573 331 899 384 Xenophontis
925 332 977 373 de
1008 333 1132 384 Cyro
1154 330 1337 371 subulam
1358 332 1422 372 se-

138 401 211 456 qui
230 398 352 440 malit
377 424 389 447 ‚
428 397 579 437 scitam
597 395 716 436 illam
740 406 784 437 et
804 395 999 449 lepidam
1029 396 1217 437 fabulam
1240 424 1253 447 ‚
1292 409 1422 450 quam

138 463 444 513 Herodotum&
481 462 514 502 is
535 460 607 500 suo
627 460 811 512 ingenio
829 471 978 501 vtatur
1001 472 1009 497 ε
1049 473 1136 513 ego
1174 462 1426 514 comperis-

138 531 179 571 se
202 527 309 569 mihi
337 527 526 576 videor,
561 524 765 578 scriptam
796 525 879 565 effe
910 524 1156 566 delectandi
1175 525 1310 566 caussa
1333 540 1416 580 po-

141 593 231 649 puli
262 620 273 643 7
313 604 397 646 quo
426 590 498 630 fibi
534 590 698 631 vidium
728 600 958 643 quaereret
986 589 1254 643 Xenophon
1277 591 1328 629 ad
1356 592 1422 632 le-

140 658 327 700 vandam
347 656 541 696 esuriem.
630 655 865 706 Cognosce
894 667 1070 695 mecum
1092 654 1424 708 Xenophontis

141 723 361 763 fortunam
383 729 426 760 et
446 720 605 772 scripta
635 747 645 769 ‚
685 719 738 758 fic
768 731 913 759 meam
943 719 1210 772 opinionem
1235 720 1421 777 minime

138 785 449 840 reprehendes.
521 783 623 824 Scio
643 782 1149 837 quidem‚Scaligerum‚
1188 797 1317 838 quem
1331 797 1421 838 ego

137 853 283 892 virum
303 849 356 892 ob
376 846 636 900 singularem
660 847 961 888 eruditionem
983 849 1132 900 magni
1160 846 1274 888 facio
1304 859 1348 889 et
1368 862 1421 890 v-

136 916 234 957 nice
254 915 390 968 diligo
423 939 435 962 ‚
474 920 677 952 extrema
709 911 903 965 Astyagis
923 913 968 951 in
990 924 1109 952 anno
1128 923 1288 966 quarto
1307 914 1420 966 Cyri

134 991 332 1032 ponere2,
371 977 443 1017 sed
461 974 540 1016 hac
562 976 606 1015 in
626 975 761 1016 cauffa
783 976 832 1015 ab
853 987 908 1016 eo
930 976 1151 1017 dissentio.
1220 978 1328 1019 Non
1347 978 1434 1030 hic,

131 1041 253 1081 locus
272 1042 330 1083 est
356 1069 368 1092 ‚
405 1050 452 1082 vt
478 1039 662 1094 longam
693 1040 1039 1094 disputationem
1068 1050 1113 1081 et
1140 1040 1191 1081 ab
1216 1042 1420 1084 instituto

131 1104 318 1146 alienam
338 1105 561 1158 ingrediar
582 1133 593 1157 ‚
632 1118 739 1159 quae
759 1104 873 1146 aliud
895 1115 1205 1159 argumentum
1227 1116 1273 1148 et
1302 1106 1421 1149 aliud

131 1179 306 1222 tempus
324 1171 520 1223 requirit.
586 1170 728 1223 Igitur
750 1180 938 1224 oportet
958 1183 1039 1212 nos
1061 1171 1172 1212 A.P.
1192 1170 1229 1212 Ι.
1263 1186 1322 1224 41
1337 1184 1416 1225 54.

129 1233 435 1285 respicienteS,
457 1247 607 1287 regum
630 1234 873 1276 Medorum
893 1248 1033 1276 annos
1051 1237 1184 1276 certis
1203 1236 1417 1279 interual-

132 1296 183 1336 lis
204 1297 434 1349 disponere
449 1325 461 1348 ‚
499 1309 547 1339 vt
569 1298 664 1338 sunt
683 1299 731 1337 ab
752 1299 992 1338 Herodoto
1013 1299 1274 1351 consignati.
1344 1302 1412 1342 A—

132 1362 297 1414 styages
334 1362 471 1414 inquit
512 1361 600 1411 ille,
629 1364 696 1413 (2)
732 1360 992 1417 βασιλεύσας
1023 1358 1091 1405 ἐπ’
1112 1355 1207 1404 ἔτεα
1244 1361 1366 1406 πέντε
1387 1366 1419 1423 21}

131 1424 360 1479 Tfiw'mowra
382 1424 551 1479 praelio
572 1425 744 1466 summo
764 1427 901 1467 vidius
923 1428 980 1467 est
1002 1440 1023 1466 a
1053 1428 1196 1480 Cyro.
1271 1428 1317 1470 Si
1335 1443 1416 1471 an-

130 1503 210 1531 nos
230 1491 429 1542 integros
447 1492 490 1529 in
511 1499 632 1541 eo‚vt
651 1490 695 1528 in
715 1492 1181 1540 ceteris‚numeremus
1206 1520 1221 1544 7
1255 1493 1413 1547 Astya-

128 1567 201 1609 ges
221 1566 403 1607 regnum
429 1554 528 1594 iniit
557 1564 657 1594 ante
682 1553 962 1608 Olympiadis
990 1556 1153 1597 XLVI.
1178 1570 1218 1596 1.
1286 1559 1411 1601 Ante

132 1631 230 1660 cum
252 1620 473 1671 Cyaxares
500 1619 703 1672 regnauit
731 1632 872 1660 annos
890 1620 1176 1674 quadraginta
1198 1648 1209 1671 ,
1249 1623 1319 1673 (3)
1338 1636 1409 1665 er·-

130 1695 190 1737 go
228 1695 410 1736 regnare
451 1685 604 1737 coepit
637 1693 739 1724 ante
779 1684 1059 1740 Olympiadis
1104 1681 1326 1727 XXXVI.
1367 1702 1410 1729 1.

129 1747 362 1788 Phraortes
381 1761 517 1789 annos
545 1749 653 1790 duos
672 1757 717 1788 et
737 1750 900 1802 viginti
919 1749 1082 1791 Medos
1098 1751 1302 1805 rexit,(4)
1322 1753 1408 1794 ita-

131 1824 211 1866 que
231 1825 376 1854 rerum
399 1814 566 1866 potitus
586 1814 644 1855 est
665 1813 848 1867 Olymp.
870 1815 1021 1857 XXX.
1048 1829 1091 1866 3.

245 1877 297 1918 In
312 1878 470 1930 Lydiae
492 1891 646 1931 regum
665 1878 921 1920 succeffione
935 1879 1078 1919 clades
1099 1878 1254 1922 Croesi
1277 1881 1405 1922 nobis

128 1940 239 1994 quafi
258 1943 390 1984 cardo
409 1943 478 1984 est.
544 1944 597 1985 Id
617 1945 846 1997 negotium
875 1943 1003 1984 fimili
1024 1945 1267 1985 ratiocinio
1295 1958 1406 1987 con-

129 2004 286 2048 ficitur.
358 2006 616 2062 Phlegontis
640 2019 685 2051 et
701 2008 1006 2052 Eratosthenis
1024 2008 1097 2051 illa
1113 2009 1406 2064 Olympioni-

830 2074 898 2114 Tt
939 2088 963 2125 3
1352 2089 1404 2118 ca

210 2214 256 2256 (2)
283 2217 301 2245 l.
316 2218 342 2250 Ι,
354 2226 380 2250 c.
395 2226 459 2259 130.
509 2218 557 2259 (3)
578 2221 600 2253 1.
612 2222 636 2253 1.
652 2231 678 2263 ς,
693 2220 762 2254 106.
781 2220 834 2260 (4)
881 2221 903 2253 l,
918 2222 942 2253 1.
956 2231 983 2254 c,
997 2228 1066 2252 102,
