2013 2719
392 203 682 273 EIVSQVE
716 202 944 255 VSIBVS
983 202 1288 270 ALIQVOT.
1409 224 1473 265 49

802 331 822 359 1
953 331 974 358 1
1109 332 1128 360 1

647 397 672 424 9-
798 396 822 434 3
949 397 981 435 4
1106 393 1128 434 5

481 462 499 489 1
639 461 664 499 3
791 451 822 486 6
909 461 926 486 1
940 460 967 488 0
1059 460 1078 487 1
1092 458 1114 498 5

201 512 376 556 'Vltima
393 512 463 554 hic
481 511 645 553 residua
661 511 756 552 sunt
777 509 928 550 omnia
948 511 1170 563 aequalia,
1201 509 1470 554 constituunt

206 591 314 633 ergo
334 577 487 619 seriem
504 575 784 618 collec‘tiuam
805 575 970 616 ordinis
990 574 1124 628 primi
1148 569 1204 625 (§.
1231 579 1295 628 3.)

325 657 400 695 32.
467 642 565 683 Hoc
577 641 765 694 cognito
792 667 803 691 ‚
826 640 956 681 series
977 639 1182 680 inuentae
1201 650 1465 694 retroagau-

204 716 288 758 tur,
304 718 350 748 vt
363 717 692 761 appareatquae
710 705 759 747 sit
779 718 929 746 earum
947 704 1224 746 differentiae
1239 705 1469 760 originalis

201 768 329 824 (§.4.)
353 770 439 812 hoc
457 770 548 812 fere
567 771 736 812 modo:

202 837 383 879 Radices
505 849 532 876 0
662 850 679 875 1
813 848 837 875 2
966 849 989 886 3
1151 849 1184 886 4
1341 848 1363 886 ς

505 957 524 984 1
659 956 678 984 1
813 954 832 981 1
881 946 905 986 l
961 954 980 982 1
1149 955 1167 981 1
1342 955 1360 980 1

814 1004 842 1049 l

498 1084 528 1117 0
656 1085 675 1114 1
753 1070 824 1116 l2
953 1082 979 1123 3
1032 1124 1035 1125 ⁷
1141 1083 1174 1122 4
1336 1081 1359 1121 5

498 1212 527 1245 0
601 1200 628 1246 l
648 1216 666 1243 1
710 1223 714 1226 ·
797 1213 821 1253 3
949 1200 980 1239 6
1108 1209 1167 1239 10
1297 1208 1354 1249 15·

195 1262 252 1304 fic
281 1264 485 1317 obseruo,
506 1267 625 1321 quod
649 1266 780 1307 series
809 1274 1099 1306 numerorum
1121 1262 1283 1304 horum
1301 1262 1462 1304 consti⁴

199 1335 322 1365 tuant
341 1329 498 1367 seriem
521 1330 823 1377 tertiiordinis
835 1330 931 1378 puri
953 1323 1010 1375 <§.
1035 1332 1095 1377 5.)
1113 1329 1156 1367 in
1175 1328 1322 1381 quibus
1333 1340 1462 1369 αΞῙ.

198 1400 462 1441 quarumque
487 1388 809 1442 consequenter
841 1387 1032 1428 formula
1057 1389 1274 1441 generalis
1303 1391 1460 1445 estzss.

196 1452 286 1514 ἐξ
302 1445 358 1500 (9.
382 1455 443 1503 8.)

316 1539 338 1576 3
352 1539 394 1576 3.
464 1524 610 1578 Atque
629 1522 690 1564 ita
710 1522 880 1564 obtinui
898 1519 1059 1564 horum
1079 1535 1368 1565 numerorum
1381 1538 1458 1567 ex-

194 1586 458 1641 preflionem
480 1587 736 1641 generalem
762 1586 1067 1628 defideratam.
1137 1588 1285 1629 Video
1309 1600 1458 1630 autem

193 1663 425 1706 praeterea
452 1666 508 1694 ex
534 1652 677 1694 tabula
701 1653 918 1707 superiori
941 1647 998 1703 (ὃ.
1023 1656 1119 1705 39.)
1146 1654 1266 1707 quod
1290 1654 1459 1707 primus

191 1717 315 1757 seriei
336 1719 547 1759 terminus
566 1718 790 1772 pertineat
818 1718 871 1759 ad
897 1718 1153 1771 potentiam
1173 1718 1404 1759 secundam
1445 1735 1458 1771 ·,

190 1781 392 1825 secundus
409 1783 462 1823 ad
479 1785 684 1834 tertiam,
725 1783 879 1824 tertius
899 1783 950 1823 ad
968 1792 1166 1836 quartam
1189 1798 1201 1834 ·‚
1240 1793 1284 1823 et
1306 1783 1457 1836 posito

193 1858 450 1900 exponente
490 1848 723 1903 potentiae
761 1861 869 1889 zm.
906 1848 1025 1903 quod
1062 1848 1189 1888 radix
1224 1847 1350 1889 seriei
1404 1847 1454 1891 fit

190 1925 373 1953 :Lm-s.
409 1912 484 1954 fiat
511 1926 620 1967 ergo
647 1927 844 1955 &zm—1
871 1923 919 1956 vt
946 1912 1137 1954 formula
1161 1925 1454 1955 numerorum

193 1976 315 2018 abeat
334 1979 376 2018 in
393 1977 501 2020 hanc
521 1981 606 2044 m*1¹
628 1981 680 2038 ..ἒ

312 2068 390 2106 34.
455 2055 631 2097 Eodem
651 2054 821 2109 prorsus
840 2054 980 2095 modo
1002 2053 1283 2095 inueniuntur
1309 2062 1352 2093 et
1379 2063 1450 2093 re-

192 2111 294 2170 liqui
317 2118 618 2161 coefficieutes
645 2120 979 2161 indeterminati
999 2135 1012 2173 ·‚
1050 2119 1193 2174 paucis
1212 2128 1358 2159 autem
1382 2118 1448 2157 in-

194 2182 331 2222 ventis
361 2210 372 2232 ‚
429 2184 504 2229 lex
523 2186 761 2229 innotescit
786 2186 989 2242 protinus
1015 2198 1096 2241 qua
1113 2183 1269 2239 reliqui
1288 2183 1330 2223 in
1352 2180 1449 2222 infi-

195 2238 307 2287 Tom,
326 2246 406 2291 III,
879 2249 921 2296 G
1307 2247 1450 2289 nitum
