2013 2719
592 196 690 240 390
803 177 1234 228 BRAHMANJCA
1275 177 1679 230 TANGVTANA

588 292 755 332 ramina
776 289 852 330 filo
871 290 1144 330 transiiciunt
1184 318 1195 341 ,
1235 301 1283 332 vt
1308 304 1399 331 vno
1426 293 1472 332 in
1499 291 1724 332 volumine
1744 305 1850 333 con·-

591 356 825 405 tineantui·‚
846 354 917 395 vbi
936 356 1234 396 commoditas
1252 355 1371 396 suasit
1400 384 1410 406 ,
1448 366 1495 396 vt
1526 356 1579 396 fic
1605 355 1709 396 folia
1731 355 1853 396 euol-

588 429 770 468 veoem,
812 418 866 459 fic
885 419 1184 460 inscriberent.
1252 420 1303 461 Id
1321 419 1456 473 ipsum
1483 433 1592 460 vero
1606 420 1762 461 deinde
1778 421 1855 461 ob-

590 484 805 525 seruatum
827 483 882 523 est
904 483 946 522 in
969 482 1143 525 chartis.
1214 483 1398 537 Singulis
1421 485 1463 523 in
1485 486 1653 537 paginis
1668 484 1751 523 duo
1764 485 1855 525 sunt

590 549 789 597 ordines,
831 548 891 587 ita
912 557 957 587 vt
976 549 1257 602 vnusquisque
1278 550 1418 602 prima
1440 549 1483 588 in
1502 549 1615 588 linea
1644 549 1856 590 Bralima-

587 613 702 653 nicas
725 612 893 652 litteras
915 612 1134 663 exhibeat,
1172 614 1215 652 in
1238 613 1373 653 altera
1391 613 1687 666 'fatigium-as,
1711 613 1753 653 in
1767 623 1856 652 ter-

590 677 650 717 tia
673 675 967 728 Mungalicas:
1005 676 1123 729 quod
1145 689 1225 716 nos
1245 678 1580 717 commoditatis
1602 676 1735 717 caussa
1767 689 1857 717 mu-

593 743 774 781 tammus
790 767 798 788 ‚
815 749 860 779 vt
884 738 1055 791 lingulis
1077 741 1118 779 in
1149 741 1317 793 paginis
1339 741 1492 781 nostris
1514 740 1648 781 ess'ent
1670 752 1759 781 tres
1784 753 1855 779 or-

592 803 727 844 dines.
828 803 957 843 Liber
978 816 1068 843 non
1091 805 1270 858 scriptus
1293 805 1349 845 est
1396 833 1405 855 ‚
1444 805 1512 845 scd
1532 806 1647 859 typis
1669 805 1856 845 excusus.

589 868 703 910 Nam
742 867 876 907 etiam
911 868 1159 919 Tangat-ini
1196 880 1238 908 et
1267 869 1463 920 Mungali
1483 880 1622 909 artem
1644 879 1854 922 typogra-

590 931 764 987 phicam
785 943 806 970 a
830 931 942 971 Sinis
964 944 1241 985 acceperunt.
1311 934 1489 975 Exstant
1515 961 1524 983 ‚
1550 945 1595 974 vt
1617 934 1773 983 audio,
1814 945 1858 972 a·

591 997 677 1049 pud
714 994 999 1037 Celsiffimum
1037 997 1285 1049 Principem
1317 999 1525 1038 Alexium
1556 998 1782 1037 Michaelis
1806 995 1860 1036 fi-

590 1059 695 1099 lium
716 1057 1049 1107 Czerkaskium,
1090 1060 1303 1098 bonarum
1333 1060 1491 1098 artium
1531 1059 1858 1107 Maecenatem,

591 1122 806 1164 eiusmodi
842 1121 1013 1172 ligneae
1050 1121 1248 1172 formae,
1286 1122 1432 1173 quibus
1452 1121 1493 1159 hi
1517 1122 1668 1171 populi
1689 1120 1745 1159 vsi
1768 1120 1860 1158 fne-

591 1196 706 1228 runt.
775 1187 990 1226 Attamen
1029 1187 1061 1223 is
1094 1185 1200 1225 liber
1232 1212 1242 1233 ‚
1279 1196 1406 1235 quem
1437 1195 1457 1221 a
1481 1181 1860 1222 messerschmidio

592 1249 840 1301 accepimus
868 1274 879 1295 ‚
922 1261 1010 1287 non
1040 1249 1139 1288 alibi
1177 1276 1186 1299 ‚
1226 1259 1351 1299 qnam
1383 1247 1423 1285 in
1448 1246 1557 1288 Sinis
1578 1245 1749 1285 excusus
1768 1245 1864 1286 fuit.

590 1312 867 1354 Testimonio
890 1310 946 1350 est
968 1340 978 1361 ,
1019 1313 1135 1364 quod
1161 1311 1298 1364 priori
1317 1313 1361 1351 in
1383 1312 1540 1363 pagina
1568 1310 1766 1363 cuiusque
1796 1308 1862 1349 fo-

591 1377 637 1419 lii
668 1377 719 1416 ad
749 1375 953 1415 sinistram
986 1377 1028 1415 in
1059 1378 1257 1429 margine
1287 1376 1476 1428 primum
1501 1386 1704 1414 numerus
1728 1373 1865 1414 Brah-

593 1442 811 1489 manicas,
851 1449 942 1478 tum
963 1441 1264 1493 Tangutanus‚
1284 1440 1422 1480 tertio
1444 1438 1865 1492 Mungalicus‚qn;ir-

593 1516 644 1547 to
665 1505 828 1547 Sinicus
851 1503 1078 1557 inscriptus
1099 1504 1170 1544 est.
1249 1503 1417 1545 Sinicus
1441 1515 1538 1542 cum
1568 1514 1680 1544 voce
1704 1513 1801 1541 :tam
1823 1502 1867 1541 in

596 1632 709 1675 hunc
732 1631 916 1673 modum
937 1581 1050 1703 ¹⁶}
1091 1642 1188 1673 ,ram
1207 1628 1254 1670 vl
1268 1656 1280 1680 ,
1322 1642 1419 1671 acam
1429 1624 1504 1683 scm
1525 1656 1535 1679 ‚
1560 1641 1656 1670 xam
1677 1628 1713 1669 lo
1732 1639 1776 1670 et
1789 1630 1865 1671 de-

946 1706 1028 1735 ,A

609 1761 771 1813 inceps.
838 1757 889 1799 In
911 1759 1146 1813 posteriori
1165 1769 1275 1798 vei-0
1298 1758 1452 1813 pagina
1477 1757 1577 1799 nulli
1599 1757 1767 1798 numeri
1789 1770 1867 1798 exa

601 1825 709 1866 stant
732 1850 742 1872 ‚
784 1827 1099 1867 tantummodo
1120 1823 1349 1876 inscriptus
1369 1823 1426 1863 est
1454 1821 1620 1864 Sinicus
1646 1821 1868 1864 charac‘ter

615 1911 762 1938 -—c

655 1933 739 2044 Ιχ
814 1953 895 1996 hia.
964 1955 1109 2010 Atque
1128 1962 1175 1994 vt
1194 1949 1374 1993 inlibris
1406 1951 1558 1993 Sinicis
1587 1962 1684 1992 xam
1705 1948 1867 2003 fignifi-

598 2100 666 2133 cat
688 2083 978 2144 prioremsolii
997 2084 1184 2139 paginam
1209 2109 1218 2132 ‚
1259 2079 1325 2119 cui
1348 2091 1552 2120 numerus
1583 2078 1832 2130 adiungitur
1854 2103 1867 2128 ,

596 2157 659 2198 ita
679 2154 747 2198 hia
773 2183 786 2209 ‚
817 2152 1081 2208 posteriorem
1120 2147 1206 2189 fine
1250 2155 1451 2185 numero.
1540 2144 1582 2186 Is
1605 2141 1868 2250 ault3emhvsus

1694 2220 1739 2247 ra
1775 2216 1866 2246 ma-
