2013 2719
306 172 386 224 m
420 169 841 223 PVLMONIBVS
914 169 1307 221 MISCEATVR.
1381 191 1476 232 239

190 288 432 343 eademque
472 299 560 341 ope
595 286 776 328 Antliae
794 285 839 327 in
861 283 1126 340 pulmonem
1154 284 1359 340 protrusa
1397 299 1478 340 per

190 355 431 396 tracheam,
502 351 856 401 Obseruauimus,
896 354 939 402 a)
959 350 1049 391 fere
1063 350 1112 391 ab
1132 350 1264 393 initio
1287 364 1476 405 appare-

189 432 237 460 re
260 420 367 460 aeris
392 430 470 469 per
491 429 651 458 venam
669 427 714 456 et
734 417 943 456 arteriam
966 415 1249 467 egredientes
1277 415 1474 467 bullulas,

190 483 232 535 b)
251 496 339 525 non
359 492 510 522 tamen
528 480 616 521 fine
639 479 777 533 aliqua
798 476 960 519 horum
979 479 1185 521 vasorum
1207 481 1480 533 differentia3

192 548 263 589 sed
285 546 543 588 continuata
577 544 682 586 licet
711 545 873 586 antliae
903 544 1152 596 agitatione
1184 571 1196 595 ‚
1242 546 1476 600 additaque

190 613 270 654 hac
304 609 472 652 cautela
497 639 509 664 ,
542 619 591 650 vt
617 609 718 649 dum
740 609 938 649 embolus
963 607 1302 660 retraheretur,
1351 609 1476 650 orifi-

191 679 307 718 cium
325 687 496 726 venae,
536 675 603 715 cui
624 673 982 725 attendebamus,
1022 673 1199 727 semper
1220 687 1324 728 aqua
1347 685 1475 715 exte-

191 744 276 782 rius
297 739 423 781 affusa
450 739 630 792 plenum
650 738 984 779 conseruaretur
1009 742 1047 790 c)
1066 737 1206 779 solam
1228 738 1318 779 fine
1335 738 1474 781 bullu-

190 806 241 847 lis
264 804 370 846 aeris
389 815 541 855 aquam
561 802 792 856 prodiisse,
830 802 875 853 d)
895 802 1091 856 neglecta
1111 801 1190 843 hac
1213 802 1383 844 cautela
1404 803 1475 843 sub

191 870 325 911 finem
345 879 487 907 aereas
508 867 686 907 bullulas
704 867 907 906 vidimus.
982 869 1147 909 Cetera
1168 871 1372 919 auteme)
1394 880 1476 921 per

190 934 399 976 laesiones
419 931 622 984 quasdam
652 940 863 970 externae
883 929 1108 984 pulmonis
1130 933 1303 975 tunicae
1324 945 1473 975 aerem

190 997 408 1040 violenter
427 994 609 1048 erupisse
633 995 896 1036 notauimus.

301 1125 448 1168 XVII.
504 1126 660 1167 Parum
681 1126 937 1181 abfiiit‚quin
957 1125 1056 1168 huic
1070 1126 1386 1180 experimento
1401 1136 1470 1168 ac-

186 1190 527 1243 quiesceremus:
547 1191 753 1233 succurrit
775 1192 992 1246 scrupulus
1013 1202 1162 1232 tamen
1185 1192 1310 1232 alicui
1332 1204 1353 1231 e
1375 1193 1471 1245 spe-

187 1254 424 1295 (tatoribus
445 1255 612 1295 nostris.
696 1256 899 1296 Fortaffis
936 1269 1016 1296 nos
1035 1257 1144 1297 iusto
1164 1258 1290 1297 citius
1310 1255 1472 1297 desiisse

188 1318 231 1357 in
252 1319 555 1358 continuando
578 1318 664 1358 hoc
685 1320 1027 1370 experimento⁷
1066 1323 1215 1374 vtique
1239 1333 1391 1372 aquarn
1420 1332 1471 1360 o-

189 1391 339 1421 mnem
370 1381 548 1423 Antliae
576 1381 783 1423 iniectam
813 1381 900 1422 fine
923 1382 1033 1423 aeris
1053 1383 1332 1423 admixtione
1354 1385 1470 1436 prius

190 1446 341 1497 egredi
364 1446 521 1486 debere
545 1461 553 1486 ;
594 1445 678 1486 Sed
700 1472 712 1494 ,
751 1445 823 1485 vbi
845 1446 976 1486 semel
998 1445 1102 1487 haec
1127 1447 1289 1500 egressa
1317 1447 1467 1499 suerit,

189 1517 282 1549 tum
307 1509 485 1549 demum
508 1521 606 1548 cum
628 1520 734 1561 aqua
753 1520 903 1548 aerem
924 1522 1096 1562 quoque
1119 1522 1376 1564 erupturum
1404 1524 1468 1553 es-

185 1572 238 1613 se.
306 1573 523 1626 Equidem
546 1571 643 1612 huic
666 1572 798 1613 dubio
819 1572 1050 1614 videbatur
1078 1575 1335 1628 responderi
1364 1589 1468 1629 pos-

183 1636 224 1678 se
251 1665 262 1688 ,
299 1638 416 1691 quod
442 1649 524 1690 per
551 1637 765 1691 repetitas
782 1637 875 1678 illas
893 1639 1072 1682 Antliae
1096 1641 1362 1693 agitationes
1383 1642 1470 1682 iam

185 1702 343 1743 dudum
364 1712 487 1743 tanta
506 1703 616 1742 aeris
635 1704 766 1756 copia
788 1703 832 1743 in
853 1701 1116 1755 pulmonem
1148 1705 1350 1758 protrusa
1377 1705 1468 1746 fue-

182 1767 271 1817 rit,
309 1777 357 1808 vt
390 1794 402 1817 ‚
442 1765 571 1820 siqua
591 1766 655 1806 illi
675 1768 719 1807 in
755 1780 917 1808 venam
952 1769 1023 1809 via
1050 1771 1294 1822 patesceret
1324 1796 1336 1820 7
1377 1783 1469 1811 non

184 1831 394 1884 potuisset
431 1844 520 1871 non
540 1845 639 1871 cum
666 1844 771 1886 aqua
798 1833 996 1886 prodire.
1066 1834 1297 1875 Praeterea
1317 1847 1466 1876 aerem

184 1895 346 1937 dudum
377 1895 562 1949 erupisse
592 1909 672 1950 per
698 1896 942 1938 laesionem
970 1898 1144 1940 tunicae
1165 1908 1462 1950 memoratae,

188 1961 561 2013 adeoquedudum
582 1962 719 2001 etiam
747 1960 982 2014 peruasisse
1017 1963 1225 2004 minimas
1258 1961 1465 2005 tracheae

183 2024 528 2066 ramificationes
555 2054 566 2077 ,
605 2039 662 2067 ex
697 2026 846 2080 quibus
873 2026 903 2067 si
923 2026 968 2065 in
984 2039 1144 2068 venam
1163 2028 1364 2069 transitus
1386 2041 1462 2082 pa-

186 2094 275 2190 tqeat
311 2115 323 2139 ‚
364 2102 455 2132 non
484 2091 694 2147 potuisset
720 2104 813 2134 non
842 2090 996 2133 alicubi
1016 2093 1296 2136 commisceri
1309 2105 1458 2149 aquae,

230 2161 301 2192 om.
334 2153 415 2196 ΙΙΙ.
893 2156 942 2197 Ii
1414 2166 1458 2199 et
