2013 2719
576 181 672 219 280
972 171 1496 222 OBSERVATIONES

575 292 644 323 ter
681 293 811 322 ouum
838 280 1126 334 gallinaceum
1154 295 1337 338 aequans
1371 283 1587 338 amboque
1612 284 1769 329 molles
1785 286 1838 328 ad

575 348 735 388 tastum
756 355 894 386 erant.

690 473 1223 528 Contemplantivterum
1254 502 1267 525 ,
1306 475 1349 514 in
1378 487 1464 528 quo
1493 474 1658 516 molam
1697 487 1840 518 mem-

569 536 826 578 branaceum
846 540 1066 590 geminam
1089 539 1237 579 iuueni
1260 566 1271 589 ,
1315 551 1414 579 ecce
1434 541 1479 580 in
1501 541 1724 580 exteriore
1743 554 1837 581 cer—

567 602 674 642 vicis
696 602 1076 651 circumferentia,
1117 615 1243 656 quam
1270 604 1339 643 ori
1364 604 1511 643 tincae
1541 604 1663 656 piscis
1683 604 1834 645 affimi—

569 665 661 705 lant
685 668 947 716 anatomici,
989 667 1174 719 plurima
1197 666 1352 707 ostiola
1370 667 1494 707 valde
1507 668 1737 722 conspicua
1760 669 1836 709 ob-

569 728 657 769 lata
677 732 793 779 sunt,
835 742 1022 782 quorum
1053 731 1302 771 octodecim
1334 733 1571 771 numerarii.
1672 733 1740 774 Ex
1759 745 1835 773 eo·

569 806 664 832 rum
686 806 898 844 numero,
940 795 1005 834 vti
1028 795 1224 846 opinor,
1265 795 1363 834 bina
1381 796 1473 837 sunt
1497 795 1695 837 duCtuum
1717 795 1835 836 oscu-

568 856 608 897 la
627 869 647 896 a
669 854 797 898 Celeb,
818 855 1042 898 Santorino
1062 859 1104 897 in
1129 859 1374 910 posteriore
1400 870 1524 913 parte
1550 860 1729 899 ceruicis
1759 860 1834 900 ob-

567 921 733 961 seruata
761 933 937 973 quarum
969 924 1249 962 mentionem
1278 922 1377 963 facit
1410 924 1521 976 Cap.
1553 923 1634 964 XI.
1660 922 1837 964 Obseru.

567 987 701 1024 Anat.
724 985 823 1023 Art.
844 985 921 1024 IX.
992 986 1045 1024 Hi
1065 996 1212 1024 autem
1233 987 1376 1026 duetus
1395 1001 1415 1027 a
1433 987 1626 1028 vesiculis
1647 986 1838 1028 oualibus

568 1045 741 1098 prorsus
762 1046 944 1087 distine'ti
965 1045 1209 1099 nullamque
1230 1058 1327 1086 cum
1344 1048 1394 1086 iis
1421 1049 1679 1087 societatem
1705 1049 1836 1087 habe-

567 1121 616 1149 re
637 1108 711 1150 visi
731 1108 841 1149 sunt.

683 1237 752 1277 Ex
781 1235 942 1276 duobus
968 1234 1167 1275 fratribus
1194 1232 1393 1286 gemellis
1422 1232 1490 1272 die
1519 1243 1590 1281 ις.
1617 1229 1736 1284 Sept.
1758 1232 1836 1271 hu-

566 1298 629 1338 ius
647 1301 747 1337 anni
766 1298 886 1338 simul
908 1299 1018 1337 natis
1062 1325 1074 1347 ‚
1121 1298 1282 1349 primus
1308 1297 1351 1335 in
1379 1295 1520 1334 lucem
1542 1294 1752 1347 prodiens
1771 1295 1839 1333 seu

568 1361 822 1415 praecursor
843 1360 961 1402 triste
985 1360 1119 1400 oculis
1140 1358 1424 1412 speci-iculum
1447 1358 1662 1411 exposuit.
1725 1357 1847 1414 Quid.

571 1427 690 1465 enim
713 1426 868 1466 tristius
890 1425 968 1474 est,
996 1437 1121 1477 quam
1144 1423 1252 1463 nasci
1275 1434 1321 1463 vt
1345 1433 1516 1463 truncus
1535 1422 1619 1462 sine
1640 1421 1837 1462 brachiis.

567 1489 747 1532 Nullum
771 1491 814 1529 in
844 1501 898 1528 eo
927 1500 1025 1526 cum
1052 1487 1197 1527 dextri
1224 1498 1315 1526 tum
1343 1486 1491 1524 sinistri
1510 1486 1732 1536 vestigium
1752 1484 1838 1524 fine

568 1553 738 1594 humeri
757 1552 839 1592 siue
858 1550 1021 1590 brachii
1044 1565 1056 1600 ·‚
1093 1550 1259 1588 Verum
1281 1550 1388 1588 cutis
1407 1548 1533 1587 instar
1548 1547 1648 1587 sacci
1671 1549 1837 1600 imper-

568 1617 745 1664 fornta,
788 1614 1005 1666 costasque
1027 1613 1283 1652 immediate
1305 1612 1523 1663 attingens
1546 1612 1732 1651 intuenti
1759 1612 1837 1651 ob-

568 1679 655 1720 lata
675 1679 755 1727 est,
799 1677 925 1730 plana
947 1689 991 1719 ac
1012 1676 1097 1716 fine
1119 1676 1320 1715 cicatrice
1341 1685 1410 1714 aut
1431 1676 1594 1715 coloris
1613 1675 1835 1715 diuersita-

570 1753 628 1783 te.
731 1743 969 1784 Caeterum
1014 1767 1024 1790 ,
1073 1740 1215 1792 quoad
1234 1738 1400 1778 molem
1422 1739 1690 1791 corporisne
1710 1751 1835 1791 prae-

570 1807 769 1846 stantiam
806 1804 995 1845 sensuum
1026 1815 1311 1855 motuumque
1340 1802 1537 1843 vitalium
1557 1802 1836 1843 naturalium·

570 1883 651 1924 que
686 1884 708 1910 a
736 1869 808 1909 suo
839 1868 971 1909 fratre
997 1868 1180 1908 minime
1217 1866 1400 1906 diuersus
1427 1866 1664 1920 apparebat
1692 1894 1703 1917 ,
1738 1877 1845 1906 cum.

570 1947 655 1988 q-uo
678 1934 810 1974 etium
849 1960 859 1982 ,
900 1942 946 1972 vt
974 1933 1017 1972 in
1045 1931 1223 1972 transitu
1244 1930 1285 1969 id
1312 1943 1549 1981 moneam,
1591 1930 1838 1970 communis

572 1998 610 2037 evi
632 1995 830 2049 placenta
850 1996 939 2037 fuit.
1042 1996 1189 2038 Ambo
1219 1994 1285 2035 die
1304 1996 1444 2047 prima
1464 1994 1663 2037 Octobris
1683 1991 1837 2034 vitales

572 2061 710 2102 adhuc
731 2070 866 2101 erant.

1712 2183 1754 2228 P.
1793 2179 1837 2226 S.
