2013 2719
398 168 831 223 ARTICVLATIS
865 168 1177 217 LAPIDEIS.
1346 186 1372 216 2
1383 182 1404 226 ς
1414 186 1444 228 9

162 286 275 336 rzdii
302 285 359 328 est
384 284 476 328 fere
497 312 509 336 ,
549 282 615 326 vti
640 281 798 338 lapidis
826 281 966 336 lydii,
1006 281 1161 324 rudior
1180 289 1362 331 tamen,
1402 287 1446 321 et

164 352 295 394 color
333 350 471 404 magis
509 349 562 391 ad
596 348 823 390 cinereum
853 360 982 403 quam
1003 348 1058 390 ad
1088 347 1262 401 nigrum
1287 345 1448 399 vergit,

164 431 264 460 cum
290 417 565 470 reliquorum
584 414 786 455 omnium
808 411 857 454 fit
877 412 1075 455 calcaria.
1171 413 1269 454 Hoc
1291 423 1447 453 exem-

165 485 288 539 plum
317 482 359 522 in
389 480 541 522 Museo
567 478 734 531 prostat
752 476 1084 532 Imperatorio,
1103 489 1191 533 quo
1218 489 1276 520 ex
1295 474 1447 521 Goth-

163 547 378 592 waldiana
396 544 664 587 colleftione
686 542 880 584 delatum
900 543 972 584 est.

287 625 364 664 23.
429 608 632 654 Eundem
665 607 779 649 hunc
805 607 1001 663 lapidem
1023 605 1228 649 existimo
1258 617 1358 646 cum
1379 617 1452 658 eo,

165 678 238 734 qui
275 691 352 718 21.
383 670 418 719 §.
449 674 687 728 descriptus
715 673 774 714 est
797 700 809 723 ‚
851 674 1022 715 cortice
1041 671 1196 715 saltem
1216 672 1291 712 suo
1311 669 1451 711 adhuc

169 744 347 786 teetum.
449 739 526 782 Nil
548 733 667 781 ensm
691 738 827 780 obstat
849 739 984 791 testa,
1022 750 1103 793 qua
1119 735 1368 790 superficies
1386 734 1449 777 la-

168 808 281 864 pidis
299 805 397 846 hinc
413 803 518 845 inde
540 802 771 856 conspersa
791 803 848 845 est
874 832 885 856 ‚
924 815 1023 845 cum
1051 802 1206 844 eadem
1227 801 1333 844 testa
1353 801 1448 854 plu-

167 874 282 917 ribus
299 866 482 910 lamellis
504 867 704 908 constare
725 865 868 920 poffit.
938 869 1072 909 Fauet
1084 879 1196 908 vero
1214 878 1343 921 quam
1358 877 1450 907 ma-

170 940 290 981 xime
311 931 516 986 opinioni
539 942 664 971 meae
684 931 944 971 conuexitas
964 932 1006 972 in
1027 931 1165 972 altera
1188 931 1449 970 extremita-

171 1014 215 1044 te
235 1008 449 1053 apparens
468 1006 512 1038 et
532 996 849 1037 conuenientia
868 1008 967 1037 cum
987 996 1130 1051 priori
1149 995 1192 1035 in
1212 994 1400 1048 reliquis.

288 1077 363 1116 24.
435 1060 590 1104 Altera
608 1061 836 1103 radiorum
864 1062 1201 1103 articul-norum
1232 1058 1362 1100 claffis
1394 1057 1451 1099 est

163 1129 490 1170 incurzmtorum.
597 1127 652 1168 Hi
681 1125 891 1168 rariffime
930 1127 1133 1169 omnium
1173 1124 1282 1166 mihi
1313 1123 1453 1166 oblati

166 1193 274 1234 sunt.
379 1188 544 1233 Patellis
564 1191 742 1246 constant
773 1205 888 1247 pene
916 1193 1116 1234 rotundis
1140 1220 1151 1243 ‚
1192 1189 1264 1233 vel
1283 1190 1335 1231 ad
1357 1188 1452 1229 elli-

168 1256 259 1310 psm
289 1255 599 1297 accedentibus
621 1283 632 1305 ,
674 1258 888 1297 connexis
917 1258 960 1297 in
988 1271 1071 1299 vna
1097 1256 1451 1310 ssiperficie‚con—

168 1320 286 1360 cauis
309 1321 353 1359 in
371 1320 523 1360 altera.
592 1317 835 1372 Siphunculo
856 1321 1048 1372 quodam
1075 1322 1236 1373 exiguo
1263 1323 1325 1370 (a)
1352 1326 1452 1372 pet·-

168 1384 250 1439 tust
263 1382 357 1424 sunt
404 1410 416 1433 ‚
465 1394 593 1437 quem
621 1393 770 1423 tamen
794 1384 836 1424 in
862 1384 996 1425 vnico
1021 1384 1213 1438 quodam
1237 1382 1451 1438 exemplo

171 1448 420 1489 discernere
455 1447 606 1488 saltem
632 1446 769 1499 licet,
808 1460 901 1488 non
928 1449 972 1488 in
993 1449 1144 1490 medio
1174 1475 1185 1498 ‚
1226 1450 1297 1490 sed
1320 1449 1371 1489 ad
1392 1449 1451 1490 la-

168 1523 235 1554 tus
256 1521 521 1553 transeunte.
590 1511 688 1551 Hoc
707 1523 841 1563 genus
861 1512 1086 1553 radiorum
1099 1512 1214 1554 vitra
1234 1516 1452 1567 magnitu-

173 1578 321 1618 dinem
344 1575 492 1630 figuris
518 1574 765 1628 expressam
794 1588 1030 1618 excurrere
1060 1590 1276 1631 nunquam
1309 1578 1451 1621 obser-

172 1644 284 1683 vaui.
348 1641 473 1684 Duae
494 1640 612 1681 forte
636 1640 723 1680 eius
745 1640 908 1694 species
928 1642 1134 1684 constitui
1154 1643 1329 1697 possunt
1345 1643 1452 1685 :Ra-

173 1705 262 1746 dius
280 1705 525 1748 articulatus
545 1733 557 1757 >
598 1705 863 1758 incarnatus,
898 1707 1065 1761 patellis
1087 1708 1271 1749 tenuibus
1292 1736 1304 1760 7
1342 1711 1451 1764 (Fig.

179 1785 253 1823 24.
279 1783 353 1822 25.
385 1775 478 1824 26.)
504 1781 547 1812 et
568 1770 716 1812 radius
738 1770 991 1814 arzssiculatus
1019 1774 1262 1815 incarnatus
1279 1775 1442 1828 patellis

174 1835 442 1887 craffioribus.
513 1835 623 1890 (Fig.
686 1841 783 1890 23.)
850 1838 1043 1879 Tantum
1097 1839 1149 1879 ad
1195 1839 1454 1893 descriptio-

180 1898 302 1942 nem!

299 1976 371 2016 25.
441 1966 670 2011 concinna
695 1967 905 2019 omnino,
943 1967 1152 2021 regularis
1175 1978 1217 2009 et
1239 1968 1453 2011 artificio-

176 2029 215 2069 sa
250 2031 474 2072 radiorum
505 2033 757 2074 nostrorum
786 2034 993 2074 struetura
1027 2047 1235 2088 magnum
1263 2034 1453 2088 suggerit

177 2107 504 2149 argumentum,
539 2111 616 2139 eos
638 2098 821 2151 originis
841 2097 954 2139 haud
980 2099 1063 2140 effe
1085 2098 1324 2140 mines-ahs.
1369 2100 1453 2140 Vel

178 2159 312 2212 igitur
334 2163 585 2215 vegetabiiis
605 2162 676 2205 vel
695 2163 891 2205 anim-:dis
912 2162 1018 2207 sunt.
1088 2164 1238 2208 Ausim
1260 2176 1369 2206 vero
1391 2163 1451 2203 af-

781 2230 848 2272 Ll
889 2243 912 2282 3
1374 2229 1449 2268 fir--

1476 1342 1544 1382 Fig.
1560 1344 1611 1377 26.

1475 1510 1647 1555 mee-24

1479 1559 1526 1594 ²5·
1542 1563 1559 1584 z
1586 1579 1591 1587 ,
