2013 2719
596 210 690 246 260
1061 197 1147 243 DE
1184 197 1410 244 RADIIS

591 310 796 359 firmare,
835 320 912 349 eos
932 319 988 349 ex
1013 309 1272 363 testaceorum
1291 320 1453 362 genere
1475 308 1692 362 prodiisse.
1762 311 1858 366 Ipsa

591 376 711 414 enim
741 372 964 414 substantia
994 373 1178 414 testacea
1207 374 1249 413 in
1277 373 1525 428 quibusdam
1554 374 1638 415 sese
1661 378 1857 427 prodidit

592 428 914 490 exemplaribu's
934 432 996 480 §§.
1019 443 1062 478 6.
1104 449 1146 488 7.
1181 440 1220 477 8.
1253 452 1325 478 22.
1381 454 1387 478 :
1427 440 1627 492 Haecque
1649 440 1856 492 testacea,

590 501 705 541 vnde
735 502 844 542 radii
871 503 1005 542 nostri
1044 503 1263 555 originem
1285 502 1493 554 trahunt,
1533 504 1584 543 ad
1605 503 1772 544 claffem
1799 513 1858 545 tc-

576 566 807 620 staceorum
826 566 1075 607 vnluuluium
1088 569 1125 607 in
1136 568 1497 607 concamerationes
1516 566 1814 619 (ι’ἱέίὶηὲῗονιινη,
1831 569 1859 610 ss

590 629 676 670 hoc
693 631 898 670 nimirum
914 632 1198 684 praedicatum
1211 644 1287 672 ceu
1299 631 1745 684 character-generalis
1757 633 1859 674 affu-

590 704 746 746 matur,
760 696 998 747 pertinere,
1011 697 1161 748 prouti
1175 696 1225 735 de
1237 695 1497 737 Belemnitis
1510 697 1651 737 statuit
1668 695 1861 739 Ehrhar-

588 767 674 809 tus,
726 759 913 811 pluribus
934 761 1205 812 argumentis
1226 761 1365 800 euinci
1386 761 1506 813 posse
1529 762 1719 803 videtur,

710 828 784 862 26.
854 823 922 864 Ex
951 824 1152 866 structura
1172 825 1280 865 radii
1301 825 1517 866 articulati
1542 826 1674 877 resti,
1711 825 1860 866 alueo-

585 886 632 926 lo
655 887 1082 939 conuiuentelaeuis,
1105 888 1402 938 considerata,
1433 889 1653 943 conchylii
1680 917 1690 939 ‚
1732 903 1753 930 a
1773 902 1860 943 quo

520 949 525 953 ’
589 949 752 988 natales
789 951 904 990 ducit
935 978 946 1000 ‚
988 952 1161 1005 sequens
1182 953 1418 1006 descriptio
1441 955 1645 995 adornari
1674 955 1860 1007 poterit.

585 1012 838 1052 Testaceum
858 1013 1057 1053 vniualue
1080 1016 1368 1065 cylindricum
1389 1019 1479 1062 (aut
1502 1017 1619 1058 forte
1640 1019 1859 1057 acumina-

587 1079 701 1126 tum)
717 1077 863 1125 laeue,
901 1076 943 1115 in
980 1077 1391 1117 concamerationes
1419 1077 1616 1126 diuisum,
1654 1079 1714 1115 ita
1732 1087 1779 1116 vt
1797 1080 1858 1116 se-

588 1149 664 1191 pta
683 1140 1099 1181 concamerationes
1120 1138 1354 1180 efficientia
1368 1151 1457 1178 non
1479 1139 1859 1191 s111tintegra‚1ed

587 1201 730 1242 versus
757 1202 1054 1255 peripheriam
1076 1205 1119 1242 in
1139 1203 1283 1255 aliquo
1305 1202 1409 1241 loco
1431 1202 1600 1241 lunulae
1621 1203 1859 1253 inst-arqua-

595 1264 624 1304 fi
649 1266 826 1307 exsecta.
849 1261 1052 1315 (§§.5.6.)
1118 1267 1195 1306 Per
1218 1265 1291 1304 has
1310 1264 1474 1304 lunulas
1496 1264 1608 1303 aliud
1628 1263 1779 1303 transit
1793 1273 1858 1303 te-

589 1327 774 1368 staceum
796 1327 1085 1380 cylindricum
1107 1355 1117 1378 ,
1156 1329 1199 1367 in
1219 1328 1631 1383 concamerationes
1660 1327 1856 1377 diuisum,

588 1393 648 1432 ita
685 1402 730 1432 vt
767 1392 886 1445 septa
904 1392 1316 1433 concamerationes
1343 1390 1650 1432 constituentia
1673 1391 1722 1430 ad
1749 1391 1859 1432 latus

588 1457 807 1496 foramine
827 1457 1015 1510 quodam
1041 1483 1052 1505 ‚
1092 1456 1229 1508 quod,
1257 1468 1342 1508 quo
1364 1455 1500 1506 magis
1521 1454 1858 1507 conchyliumin

585 1520 910 1573 longitudinem
939 1519 1221 1572 protenditur
1241 1545 1252 1567 ‚
1290 1530 1345 1557 eo
1375 1519 1515 1558 minus
1537 1520 1644 1568 erit,
1688 1519 1852 1571 pertusa

588 1584 684 1624 fint.
703 1579 842 1633 (§§.9.
862 1598 879 1622 1
894 1596 935 1622 0.
965 1597 981 1621 1
999 1586 1058 1632 1.)
1123 1581 1318 1623 Perhaec
1340 1582 1383 1620 in
1404 1583 1850 1623 concamerationibm

589 1647 758 1700 pertusa
785 1646 1001 1687 foramina
1023 1646 1135 1687 aliud
1159 1645 1293 1686 adhuc
1314 1644 1507 1685 transibit
1520 1647 1769 1696 testaceum,
1811 1661 1851 1687 ar

589 1713 887 1761 criminatum,
925 1711 969 1750 in
993 1710 1404 1750 concamerationes
1426 1710 1603 1750 diuisum
1633 1721 1676 1751 et
1697 1712 1739 1754 in
1761 1723 1852 1751 me-

591 1776 665 1815 dio
687 1773 942 1828 siphunculo
964 1774 1154 1828 quodam
1177 1773 1394 1826 pertusum
1413 1769 1466 1821 (ὗ.
1495 1778 1588 1824 10.)

711 1851 783 1889 27.
852 1839 992 1891 Igitur
1013 1838 1242 1878 testaceum
1268 1836 1354 1877 hoc
1381 1840 1506 1878 trittm
1525 1837 1636 1892 quasi
1658 1837 1849 1878 teffaceo-

589 1916 681 1943 Tum
703 1905 820 1943 intra
844 1898 922 1957 scye
950 1902 1200 1943 latitantium
1226 1909 1430 1955 compages
1458 1904 1555 1942 erit.
1655 1903 1716 1942 Vt
1743 1915 1854 1943 vcro

590 1968 866 2020 concipiatur
887 1968 975 2008 eius
997 1967 1227 2019 generatio
1248 1993 1258 2015 ‚
1295 1966 1544 2019 supponere
1567 1966 1731 2006 necess'e
1751 1967 1845 2015 erit,

590 2032 673 2071 tria
694 2030 798 2070 haec
837 2031 1020 2072 testacea
1039 2031 1284 2085 quibusdam
1312 2029 1582 2071 soraminulis
1611 2031 1680 2071 vel
1701 2029 1843 2070 fissuri⁴

590 2096 707 2135 inter
727 2096 766 2135 se
787 2096 1134 2136 communicare.
1204 2088 1455 2146 Requi'ritur
1476 2096 1591 2136 enim
1615 2122 1626 2145 ,
1685 2107 1761 2134 ceu
1775 2094 1851 2133 ob-

588 2159 857 2201 seruationes
880 2159 1166 2203 exactissimae
1188 2158 1349 2202 docent
1394 2187 1407 2212 ,
1464 2169 1511 2201 vt
1540 2158 1700 2200 animal
1727 2158 1849 2198 testa-

1725 2231 1847 2264 ceum
