2013 2719
379 1136 449 1176 rig.
471 1134 501 1168 6.

561 190 620 228 26
627 189 658 227 6
776 178 862 224 DE
897 172 1224 224 PROPAGAT.
1263 173 1302 219 F
1304 173 1349 220 V
1348 171 1519 222 NGOR
1527 173 1632 220 VM

558 289 722 333 radices
740 287 1034 340 Agaricorum
1056 294 1099 325 et
1126 284 1379 338 Fungorum
1407 282 1594 325 aliorum
1620 296 1674 326 ex
1702 284 1829 338 lignis

563 353 842 394 nascentium.
912 351 1123 391 Videmus
1143 350 1259 390 enim
1279 379 1290 401 ‚
1330 348 1398 389 vbi
1420 349 1600 402 Agarici
1620 361 1779 390 exeunt
1818 378 1829 402 ‚

562 420 603 457 in
624 417 746 469 ligno
768 415 852 459 effe
870 414 1091 458 tubercula
1111 413 1286 469 fungosa
1309 440 1320 463 ‚
1364 426 1448 467 pro
1469 413 1675 454 radicibus
1696 415 1830 454 meri-

563 493 612 522 to
633 480 844 521 habenda.
950 479 1017 521 Sic
1045 479 1198 532 fungus
1219 480 1444 520 coriaceus
1481 478 1709 532 quercinus
1730 477 1830 518 hae-

563 545 764 586 matodes
785 544 945 597 Breyn.
968 544 1142 585 videtur
1163 543 1280 584 fuiss'e
1301 544 1425 584 radix
1454 543 1589 596 Fungi
1619 541 1833 595 intybacei

560 609 595 653 1.
612 610 660 653 Β.
729 611 895 662 Fungus
912 609 1117 661 igni-arius
1137 608 1434 661 cylindraceus
1452 607 1561 648 Dill.
1582 607 1679 650 Cat.
1700 605 1755 648 est
1767 619 1834 647 ra·

565 677 638 716 dix
661 674 793 727 Fungi
811 674 1093 714 dumetorum
1112 672 1233 725 supra
1251 672 1482 713 nominati.

690 753 729 790 3.
798 737 869 779 Est
895 749 1028 790 genus·
1056 736 1290 790 fungorum
1319 763 1330 787 r
1370 738 1440 790 qui
1470 736 1725 790 principi0‚
1765 735 1836 778 vbi

567 803 760 844 iuniores
789 801 1054 843 orbicul-ares
1102 827 1113 851 ,
1172 801 1297 841 nullis
1317 801 1431 842 fibris
1451 812 1521 842 aut
1544 801 1753 841 radicibus
1772 801 1837 840 in-

569 868 734 917 strueti,
775 867 946 922 quando
971 866 1216 919 putrescunt
1237 876 1279 905 et
1302 867 1342 905 in
1363 865 1586 919 puluerem
1617 864 1812 906 fatiscunt
1830 891 1843 915 ,

571 932 736 972 radices
773 933 997 984 acquirunt
1036 931 1220 981 multas,
1260 932 1375 971 inter
1404 943 1504 984 quas
1533 931 1694 971 radices
1721 928 1843 969 simul

572 996 841 1048 proueniunt
858 995 989 1046 iisque
1012 994 1249 1033 adhaerent
1274 996 1393 1046 parui
1414 994 1607 1045 globuli,
1646 994 1715 1047 qui
1737 991 1844 1033 nihil

575 1058 689 1098 aliud
735 1084 746 1107 ,
804 1069 931 1110 quam
953 1056 1115 1095 radices
1134 1054 1199 1094 seu
1218 1056 1380 1094 semina
1401 1056 1507 1093 noui
1527 1055 1643 1104 fungi
1662 1056 1713 1092 ad
1731 1055 1843 1091 futu—

575 1134 670 1162 rum
690 1134 848 1161 annum
869 1118 1179 1159 conseruanda.
1247 1115 1549 1169 Insignehuius
1572 1115 1843 1168 praebetex-

577 1185 772 1239 emplum
801 1184 983 1225 Boletus
1009 1183 1206 1221 cerninus
1234 1181 1423 1232 vulgaris
1454 1206 1464 1227 ,
1513 1179 1584 1230 qui
1610 1178 1845 1232 ¹antiquior

578 1249 734 1288 multas
755 1248 935 1298 acquirit
958 1245 1120 1284 radices
1144 1244 1318 1283 fibrosas
1337 1242 1593 1287 albicantes,
1629 1237 1847 1292 quibussu-

580 1325 656 1366 pra
677 1311 775 1351 dieii
796 1309 1033 1348 adhaerent
1053 1306 1218 1359 globuli
1237 1318 1313 1346 ceu
1336 1305 1457 1358 parui
1475 1301 1645 1343 bulbuli.
1719 1300 1847 1343 Simi-

578 1379 618 1419 le
639 1375 740 1429 quid
775 1373 971 1414 accidere
1002 1371 1273 1411 obseruamus
1289 1367 1557 1421 Lycoperdo
1575 1365 1761 1421 globoso
1781 1376 1848 1404 ra-

582 1442 676 1481 dice
696 1437 961 1491 craffiipulpa
982 1434 1257 1488 grandinum
1280 1433 1406 1474 nobis
1426 1434 1469 1472 in
1499 1432 1628 1474 Cent.
1660 1431 1692 1472 1.
1716 1428 1853 1471 Plant.

582 1506 722 1547 minus
742 1503 908 1555 cognit.
928 1500 1162 1551 descripto.

700 1567 888 1610 Notauit
910 1563 1074 1616 pariter
1093 1562 1177 1602 hoc
1197 1561 1323 1603 Raius
1342 1559 1384 1598 in
1414 1556 1597 1610 synops.
1626 1557 1669 1597 in
1697 1558 1850 1610 Fungo

587 1630 810 1687 phalloide
829 1629 863 1671 1.
883 1629 930 1670 B.
953 1627 1068 1680 quod
1090 1625 1175 1665 late
1197 1624 1264 1664 sub
1283 1634 1447 1664 terram
1468 1621 1677 1662 radicibus
1703 1634 1779 1662 ceu
1800 1620 1850 1662 fi-

585 1698 636 1737 lis
655 1692 906 1747 longissimis
925 1691 1026 1732 albis
1046 1691 1163 1731 varie
1182 1687 1388 1741 implexis
1408 1697 1532 1739 repat
1561 1713 1570 1734 ,
1613 1686 1757 1740 quibus
1785 1697 1851 1726 ra-

589 1760 748 1801 dicibus
785 1757 884 1798 hinc
913 1755 1012 1795 inde
1043 1752 1322 1794 adnascuntur
1349 1751 1510 1806 globuli
1537 1751 1708 1791 Voluae
1737 1751 1854 1791 disti.

592 1826 757 1877 Fungus
776 1821 993 1862 violaceus
1012 1817 1218 1872 Herpetis
1237 1815 1376 1856 modo
1396 1815 1519 1869 lignis
1543 1815 1740 1868 irrepens
1759 1813 1852 1855 Rai.

594 1889 696 1941 Syn.
719 1886 775 1926 est
809 1886 934 1926 radix
968 1883 1144 1936 Agnrici
1173 1880 1446 1921 mesenterici
1471 1878 1656 1920 violacei
1691 1877 1856 1918 coloris

591 1951 698 1993 Dill.
722 1952 819 1994 Cat.
890 1950 1056 2001 Fungus
1080 1948 1200 2000 niger
1220 1943 1483 1997 compressus
1502 1945 1619 1983 varie
1649 1943 1857 1983 dinarica-

595 2027 661 2055 tus
680 2026 722 2056 ct
746 2013 960 2066 implexus
994 2013 1109 2052 inter
1137 2010 1300 2062 lignum
1331 2019 1372 2048 et
1402 2008 1617 2048 corticem
1638 2007 1731 2048 Rai.
1754 2006 1855 2058 Syn.

596 2081 653 2120 est
692 2080 857 2130 Fungus
887 2078 1091 2128 dignatus
1118 2075 1241 2127 niger
1271 2073 1474 2114 Menzelii
1496 2073 1537 2112 in
1557 2071 1700 2111 radice
1720 2070 1857 2110 adhuc

595 2143 872 2192 constituam,
910 2141 979 2181 vcl
1001 2143 1040 2180 in
1061 2138 1292 2180 crescendo
1312 2137 1558 2189 impeditus.

1706 2214 1750 2249 4.
1773 2197 1860 2237 Oc·
